;; -*- mode: org; mode: beancount; coding: utf-8; fill-column: 400; -*-


* Initialization

** Options

option "title" "Comptes Famille Gros"

option "operating_currency" "EUR"
option "name_assets" "Actif"
option "name_liabilities" "Passif"
option "name_equity" "Equity"
option "name_income" "Revenus"
option "name_expenses" "Depenses"
option "documents" "./"

plugin "beancount.plugins.check_commodity"
;plugin "fava.plugins.tag_discovered_documents"
;plugin "fava.plugins.link_documents"


;; Options propres à FAVA
1981-02-07 custom "fava-option" "interval" "month"
1981-02-07 custom "fava-option" "import-config" "./Famille.import"
1981-02-07 custom "fava-option" "import-dirs" "./A_Importer"
;1981-02-07 custom "fava-sidebar-link" "Documents" "https://fava.famillegros.com/comptes-famille-gros/journal/?show=document"
1981-02-07 custom "fava-extension" "myAutoCommit"


** General Accounts
;; We need to declare a few general accounts that we will use below.

;; Declare some sort of account to use as the source for padding
;; entries (see below). Use your birth date... that's when you began
;; accumulating equity!
1981-02-07 open Equity:Opening-Balances                     EUR

** Events
;; This is a section where I declare some general properties.

;; Enter the date when this address last changed and its curent value.
;2008-07-01 event "address" "12345 Brick Lane, New York City, NY 10011, USD"

;; Same thing with your employer.
1981-07-02 event "Ma Vie" "Naissance !"

** Commodities
;; https://github.com/ghislainbourgeois/beancount_portfolio_allocation

1999-01-01 commodity EUR
  asset-class: "cash"
  asset-subclass: "cash"

2018-10-01 commodity CTS1
  asset-class: "actions"
  asset-subclass: "PME"

2018-10-01 commodity CTS2
  asset-class: "actions"
  asset-subclass: "PME"

2016-02-26 commodity RESIDENCE_PRINCIPALE
  asset-class: "Immo"
  asset-subclass: "RP"

1998-01-01 commodity RP_PARENTS
  asset-class: "Immo"
  asset-subclass: "nueprop"

2018-01-01 commodity JARDINSEUROPE
  asset-class: "Immo"
  asset-subclass: "nueprop"

* Comptes
** Comptes Courants
*** CCTim


; L'historique du CC Joint LBP est simplifié.
2006-09-01 open Actif:BanquePostale:CCTim                 EUR
2006-10-01 pad  Actif:BanquePostale:CCTim  Equity:Opening-Balances

2013-08-31 balance Actif:BanquePostale:CCTim              0 EUR
2013-09-30 close Actif:BanquePostale:CCTim


2013-08-26 open Actif:Boursorama:CCTim
  account: "00040132901"
2013-08-27 pad  Actif:Boursorama:CCTim  Equity:Opening-Balances

2019-01-01 balance  Actif:Boursorama:CCTim          6534.49 EUR
2019-01-02 * "VIR Versement Mensuel TG" ""
  source: "qif"
  Actif:Boursorama:CCJoint                          1500.00 EUR
  Actif:Boursorama:CCTim                           -1500.00 EUR

2019-01-02 ! "REM CHQ N. 0688464" ""
  source: "qif"
  Actif:Boursorama:CCJoint                            50.00 EUR
  Revenus:VentesAnna                                 -50.00 EUR

2019-01-07 * "VIR interne" ""
  source: "qif"
  Actif:Boursorama:CCJoint                          1500.00 EUR
  Actif:Boursorama:CCTim                           -1500.00 EUR

2019-02-04 * "VIR Versement Mensuel TG" ""
  source: "qif"
  Actif:Boursorama:CCJoint                          1500.00 EUR
  Actif:Boursorama:CCTim                           -1500.00 EUR

2019-03-04 * "VIR Versement Mensuel TG" ""
  source: "qif"
  Actif:Boursorama:CCJoint                          1500.00 EUR
  Actif:Boursorama:CCTim                           -1500.00 EUR

2019-03-05 * "PRLV SEPA FREE MOBILE" ""
  source: "qif"
  Actif:Boursorama:CCJoint                            -4.70 EUR
  Depenses:Abo:Telephone                               4.70 EUR

2019-04-02 * "VIR Versement Mensuel TG" ""
  source: "qif"
  Actif:Boursorama:CCJoint                          1500.00 EUR
  Actif:Boursorama:CCTim                           -1500.00 EUR

2019-05-02 * "VIR Versement Mensuel TG" ""
  source: "qif"
  Actif:Boursorama:CCJoint                          1500.00 EUR
  Actif:Boursorama:CCTim                           -1500.00 EUR

2019-06-03 * "VIR Versement Mensuel TG" ""
  source: "qif"
  Actif:Boursorama:CCJoint                          1500.00 EUR
  Actif:Boursorama:CCTim                           -1500.00 EUR

2019-07-02 * "VIR Versement Mensuel TG" ""
  source: "qif"
  Actif:Boursorama:CCJoint                          1500.00 EUR
  Actif:Boursorama:CCTim                           -1500.00 EUR

2019-01-02 * "Relev{ diff{r{ Carte 4979********1974" ""
  source: "qif"
  Actif:Boursorama:CCTim                           -1295.79 EUR
  Passif:Boursorama:CBTim                           1295.79 EUR

2019-01-07 * "CHQ. N.0255103" ""
  source: "qif"
  Actif:Boursorama:CCTim                            -110.00 EUR
  Depenses:Immobilier:Menage:Salaire                 110.00 EUR

2019-01-08 * "PRLV SEPA Free Telecom" ""
  source: "qif"
  Actif:Boursorama:CCTim                              -9.99 EUR
  Depenses:Abo:Internet                                9.99 EUR

2019-01-08 * "*INTERETS DEBITEURS AU 31/12/18" ""
  source: "qif"
  Actif:Boursorama:CCTim                              -2.34 EUR
  Depenses:Banque:Frais                                2.34 EUR

2019-01-09 * "VIR SEPA SAS TECNAL" ""
  source: "qif"
  Actif:Boursorama:CCTim                             530.31 EUR
  Actif:NoteDeFrais                                 -530.31 EUR

2019-01-10 * "PRLV SEPA GENERALI VIE SA" ""
  source: "qif"
  Actif:Boursorama:CCTim                            -150.00 EUR
  Actif:Linxea:AVTim1                                150.00 EUR

2019-01-10 * "VIR SEPA GROS Timothee" ""
  source: "qif"
  Actif:Boursorama:CCTim                            -150.00 EUR
  Actif:Bink:CTO:Cash                                150.00 EUR

2019-01-11 * "VIR SEPA BOULON GILLES JE" ""
  source: "qif"
  Actif:Boursorama:CCTim                               8.00 EUR
  Depenses:Abo:Serveur                                -8.00 EUR

2019-01-15 * "PRLV SEPA GENERALI VIE SA" ""
  source: "qif"
  Actif:Boursorama:CCTim                            -150.00 EUR
  Actif:Boursorama:AVTim2                            150.00 EUR

2019-01-16 * "PRLV SEPA American Express Carte-France" ""
  source: "qif"
  Actif:Boursorama:CCTim                           -1433.39 EUR
  Passif:AirFrance:Amex                             1433.39 EUR

2019-01-17 ! "CHQ. N.0255105" ""
  source: "qif"
  Actif:Boursorama:CCTim                             -57.00 EUR
  Depenses:A-CLASSER                                  57.00 EUR

2019-01-22 ! "CHQ. N.0255106" ""
  source: "qif"
  Actif:Boursorama:CCTim                             -55.00 EUR
  Depenses:A-CLASSER                                  55.00 EUR

2019-01-29 * "RETRAIT DAB 26012019 NIORT       CB*1974" ""
  source: "qif"
  Actif:Boursorama:CCTim                             -20.00 EUR
  Actif:Cash                                          20.00 EUR

2019-01-31 * "VIR SEPA TECNAL S.A.S" ""
  source: "qif"
  Actif:Boursorama:CCTim                            3160.45 EUR
  Revenus:Salaires:Tecnal                          -3160.45 EUR

2019-02-01 balance  Actif:Boursorama:CCTim          3799.74 EUR

2019-02-01 * "Relev{ diff{r{ Carte 4979********1974" ""
  source: "qif"
  Actif:Boursorama:CCTim                            -728.64 EUR
  Passif:Boursorama:CBTim                            728.64 EUR

2019-02-01 * "Relev{ diff{r{ Carte 4979********1974" ""
  source: "qif"
  Actif:Boursorama:CCTim                              27.50 EUR
  Passif:Boursorama:CBTim                            -27.50 EUR

2019-02-01 ! "CHQ. N.0255104" ""
  source: "qif"
  Actif:Boursorama:CCTim                             -20.00 EUR
  Depenses:A-CLASSER                                  20.00 EUR

2019-02-04 * "RETRAIT DAB 02022019 NIORT       CB*1974" ""
  source: "qif"
  Actif:Boursorama:CCTim                             -20.00 EUR
  Actif:Cash                                          20.00 EUR

2019-02-05 ! "CHQ. N.0255107" ""
  source: "qif"
  Actif:Boursorama:CCTim                             -10.00 EUR
  Depenses:A-CLASSER                                  10.00 EUR

2019-02-05 * "PRLV SEPA SURAVENIR" ""
  source: "qif"
  Actif:Boursorama:CCTim                            -150.00 EUR
  Actif:Linxea:CapiElise                             150.00 EUR

2019-02-06 * "CHQ. N.1738268" ""
  source: "qif"
  Actif:Boursorama:CCTim                            -120.00 EUR
  Depenses:Immobilier:Menage:Salaire                 120.00 EUR

2019-02-06 * "PRLV SEPA Free Telecom" ""
  source: "qif"
  Actif:Boursorama:CCTim                              -9.99 EUR
  Depenses:Abo:Internet                                9.99 EUR

2019-02-11 * "PRLV SEPA SURAVENIR" ""
  source: "qif"
  Actif:Boursorama:CCTim                            -155.13 EUR
  Actif:Linxea:CapiFelicien                          155.13 EUR

2019-02-11 * "PRLV SEPA GENERALI VIE SA" ""
  source: "qif"
  Actif:Boursorama:CCTim                            -150.00 EUR
  Actif:Linxea:AVTim1                                150.00 EUR

2019-02-11 * "VIR SEPA GROS Timothee" ""
  source: "qif"
  Actif:Boursorama:CCTim                            -150.00 EUR
  Actif:Bink:CTO:Cash                                150.00 EUR

2019-02-11 * "VIR SEPA BOULON GILLES JE" ""
  source: "qif"
  Actif:Boursorama:CCTim                               8.00 EUR
  Depenses:Abo:Serveur                                -8.00 EUR

2019-02-12 * "PRLV SEPA GENERALI VIE SA" ""
  source: "qif"
  Actif:Boursorama:CCTim                            -150.00 EUR
  Actif:Boursorama:AVTim2                            150.00 EUR

2019-02-14 * "PRLV SEPA American Express Carte-France" ""
  source: "qif"
  Actif:Boursorama:CCTim                            -181.74 EUR
  Passif:AirFrance:Amex                              181.74 EUR

2019-02-21 ! "CHQ. N.0255101" ""
  source: "qif"
  Actif:Boursorama:CCTim                             -10.00 EUR
  Depenses:A-CLASSER                                  10.00 EUR

2019-02-21 ! "CHQ. N.0255102" ""
  source: "qif"
  Actif:Boursorama:CCTim                            -160.00 EUR
  Depenses:A-CLASSER                                 160.00 EUR

2019-02-28 * "VIR SEPA TECNAL S.A.S" ""
  source: "qif"
  Actif:Boursorama:CCTim                            3140.89 EUR
  Revenus:Salaires:Tecnal                          -3140.89 EUR

2019-03-01 balance  Actif:Boursorama:CCTim          3460.63 EUR

2019-03-01 * "Relev{ diff{r{ Carte 4979********1974" ""
  source: "qif"
  Actif:Boursorama:CCTim                           -1288.40 EUR
  Passif:Boursorama:CBTim                           1288.40 EUR

2019-03-07 * "PRLV SEPA Free Telecom" ""
  source: "qif"
  Actif:Boursorama:CCTim                              -9.99 EUR
  Depenses:Abo:Internet                                9.99 EUR

2019-03-07 * "CHQ. N.1738273" ""
  source: "qif"
  Actif:Boursorama:CCTim                             -96.00 EUR
  Depenses:Immobilier:Menage:Salaire                  96.00 EUR

2019-03-11 * "PRLV SEPA GENERALI VIE SA" ""
  source: "qif"
  Actif:Boursorama:CCTim                            -150.00 EUR
  Actif:Linxea:AVTim1                                150.00 EUR

2019-03-11 * "VIR SEPA GROS Timothee" ""
  source: "qif"
  Actif:Boursorama:CCTim                            -150.00 EUR
  Actif:Bink:CTO:Cash                                150.00 EUR

2019-03-11 * "VIR SEPA BOULON GILLES JE" ""
  source: "qif"
  Actif:Boursorama:CCTim                               8.00 EUR
  Depenses:Abo:Serveur                                -8.00 EUR

2019-03-13 * "PRLV SEPA GENERALI VIE SA" ""
  source: "qif"
  Actif:Boursorama:CCTim                            -150.00 EUR
  Actif:Boursorama:AVTim2                            150.00 EUR

2019-03-12 * "CHQ. N.1738270" "Psy Anna"
  source: "qif"
  Actif:Boursorama:CCTim                             -55.00 EUR
  Depenses:Sante                                      55.00 EUR

2019-03-14 * "PRLV SEPA American Express Carte-France" ""
  source: "qif"
  Actif:Boursorama:CCTim                            -157.71 EUR
  Passif:AirFrance:Amex                              157.71 EUR

2019-03-15 * "VIR SEPA LEROUX YANNICK" ""
  source: "qif"
  Actif:Boursorama:CCTim                               8.00 EUR
  Depenses:Abo:Serveur                                -8.00 EUR

2019-03-27 * "CHQ. N.1738269" "APEL"
  source: "qif"
  Actif:Boursorama:CCTim                             -20.00 EUR
  Depenses:Enfants:Scolarite                          20.00 EUR

2019-03-29 * "VIR SEPA TECNAL S.A.S" ""
  source: "qif"
  Actif:Boursorama:CCTim                            3124.92 EUR
  Revenus:Salaires:Tecnal                          -3124.92 EUR
  
2019-04-01 balance  Actif:Boursorama:CCTim          3024.45 EUR

2019-04-01 * "Relev{ diff{r{ Carte 4979********1974" ""
  source: "qif"
  Actif:Boursorama:CCTim                            -753.56 EUR
  Passif:Boursorama:CBTim                            753.56 EUR

2019-04-02 * "RETRAIT DAB 30/03/19 NIORT       CB*1974" ""
  source: "qif"
  Actif:Boursorama:CCTim                             -50.00 EUR
  Actif:Cash                                          50.00 EUR

2019-04-05 * "PRLV SEPA Free Telecom" ""
  source: "qif"
  Actif:Boursorama:CCTim                              -9.99 EUR
  Depenses:Abo:Internet                                9.99 EUR

2019-04-05 * "*INTERETS DEBITEURS AU 31/03/19" ""
  source: "qif"
  Actif:Boursorama:CCTim                              -0.24 EUR
  Depenses:Banque:Frais                                0.24 EUR

2019-04-08 ! "VIR SEPA FACILITY" ""
  source: "qif"
  Actif:Boursorama:CCTim                              70.00 EUR
  Depenses:A-CLASSER                                 -70.00 EUR

2019-04-09 * "RETRAIT DAB 06/04/19 NIORT       CB*1974" ""
  source: "qif"
  Actif:Boursorama:CCTim                             -50.00 EUR
  Actif:Cash                                          50.00 EUR

2019-04-10 * "VIR SEPA GROS Timothee" ""
  source: "qif"
  Actif:Boursorama:CCTim                            -150.00 EUR
  Actif:Bink:CTO:Cash                                150.00 EUR

2019-04-11 * "PRLV SEPA GENERALI VIE SA" ""
  source: "qif"
  Actif:Boursorama:CCTim                            -150.00 EUR
  Actif:Linxea:AVTim1                                150.00 EUR

2019-04-12 * "PRLV SEPA GENERALI VIE SA" ""
  source: "qif"
  Actif:Boursorama:CCTim                            -150.00 EUR
  Actif:Boursorama:AVTim2                            150.00 EUR

2019-04-15 * "PRLV SEPA American Express Carte-France" ""
  source: "qif"
  Actif:Boursorama:CCTim                            -323.94 EUR
  Passif:AirFrance:Amex                              323.94 EUR

2019-04-11 * "VIR SEPA BOULON GILLES JE" ""
  source: "qif"
  Actif:Boursorama:CCTim                               8.00 EUR
  Depenses:Abo:Serveur                                -8.00 EUR

2019-04-15 * "VIR SEPA M.OU MME LEROUX YANNICK" ""
  source: "qif"
  Actif:Boursorama:CCTim                              10.40 EUR
  Depenses:Abo:Serveur                               -10.40 EUR

2019-04-17 * "*CION CB OP. ETR 04/19 BOAMGXB-GAB-1-" ""
  source: "qif"
  Actif:Boursorama:CCTim                              -3.88 EUR
  Depenses:Banque:Frais                                3.88 EUR

2019-04-17 * "RETRAIT DAB 16/04/19 BOAMGXB-GAB CB*1974" "Retrait à Madagascar"
  source: "qif"
  Actif:Boursorama:CCTim                            -200.22 EUR
  Depenses:Loisirs:Voyages                           200.22 EUR

2019-04-17 * "*CION CB OP. ETR 04/19 BOAMGXB-GAB-1-" ""
  source: "qif"
  Actif:Boursorama:CCTim                              -3.88 EUR
  Depenses:Banque:Frais                                3.88 EUR

2019-04-17 * "RETRAIT DAB 16/04/19 BOAMGXB-GAB CB*1974" "Madagascar"
  source: "qif"
  Actif:Boursorama:CCTim                            -200.22 EUR
  Depenses:Loisirs:Voyages                           200.22 EUR

2019-04-17 * "RETRAIT DAB 16/04/19 BOAMGXB-GAB CB*1974" "Madagascar"
  source: "qif"
  Actif:Boursorama:CCTim                            -200.22 EUR
  Depenses:Loisirs:Voyages                           200.22 EUR

2019-04-17 * "*CION CB OP. ETR 04/19 BOAMGXB-GAB-1-" ""
  source: "qif"
  Actif:Boursorama:CCTim                              -3.88 EUR
  Depenses:Banque:Frais                                3.88 EUR

2019-04-23 * "VIR SEPA SAS TECNAL" ""
  source: "qif"
  Actif:Boursorama:CCTim                             455.60 EUR
  Actif:NoteDeFrais                                 -455.60 EUR

2019-04-23 * "*CION CB OP. ETR 04/19 BNI GAB 65 IHO" ""
  source: "qif"
  Actif:Boursorama:CCTim                              -0.97 EUR
  Depenses:Banque:Frais                                0.97 EUR

2019-04-23 * "RETRAIT DAB 21/04/19 BNI GAB 65  CB*1974" "Madagascar"
  source: "qif"
  Actif:Boursorama:CCTim                             -50.21 EUR
  Depenses:Loisirs:Voyages                            50.21 EUR

2019-04-30 * "VIR SEPA TECNAL S.A.S" ""
  source: "qif"
  Actif:Boursorama:CCTim                            4893.55 EUR
  Revenus:Salaires:Tecnal                          -4893.55 EUR

2019-05-01 balance  Actif:Boursorama:CCTim          4560.79 EUR

2019-05-02 * "Relev{ diff{r{ Carte 4979********1974" ""
  source: "qif"
  Actif:Boursorama:CCTim                            -835.73 EUR
  Passif:Boursorama:CBTim                            835.73 EUR

2019-05-06 * "VIR Virement interne depuis COMPTE PERS" ""
  source: "qif"
  Actif:Boursorama:CCTim                           -1500.00 EUR
  Actif:Boursorama:CELTim                           1500.00 EUR

2019-05-06 ! "PRLV SEPA SURAVENIR" ""
  source: "qif"
  Actif:Boursorama:CCTim                            -150.00 EUR
  Actif:Linxea:CapiElise                             150.00 EUR

2019-05-07 * "PRLV SEPA Free Telecom" ""
  source: "qif"
  Actif:Boursorama:CCTim                              -9.99 EUR
  Depenses:Abo:Internet                                9.99 EUR

2019-05-10 * "PRLV SEPA SURAVENIR" ""
  source: "qif"
  Actif:Boursorama:CCTim                            -155.13 EUR
  Actif:Linxea:CapiFelicien                          155.13 EUR

2019-05-10 * "PRLV SEPA GENERALI VIE SA" ""
  source: "qif"
  Actif:Boursorama:CCTim                            -150.00 EUR
  Actif:Linxea:AVTim1                                150.00 EUR

2019-05-13 * "PRLV SEPA GENERALI VIE SA" ""
  source: "qif"
  Actif:Boursorama:CCTim                            -150.00 EUR
  Actif:Boursorama:AVTim2                            150.00 EUR

2019-05-10 * "VIR SEPA GROS Timothee" ""
  source: "qif"
  Actif:Boursorama:CCTim                            -150.00 EUR
  Actif:Bink:CTO:Cash                                150.00 EUR

2019-05-13 * "VIR SEPA BOULON GILLES JE" ""
  source: "qif"
  Actif:Boursorama:CCTim                               8.00 EUR
  Depenses:Abo:Internet                               -8.00 EUR

2019-05-15 * "PRLV SEPA American Express Carte-France" ""
  source: "qif"
  Actif:Boursorama:CCTim                            -377.14 EUR
  Passif:AirFrance:Amex                              377.14 EUR

2019-05-15 * "VIR SEPA M.OU MME LEROUX YANNICK" ""
  source: "qif"
  Actif:Boursorama:CCTim                              10.40 EUR
  Depenses:Abo:Serveur                               -10.40 EUR

2019-05-31 * "VIR SEPA TECNAL S.A.S" ""
  source: "qif"
  Actif:Boursorama:CCTim                            3275.02 EUR
  Revenus:Salaires:Tecnal                          -3275.02 EUR

2019-06-01 balance  Actif:Boursorama:CCTim          2876.22 EUR

2019-06-03 * "Relev{ diff{r{ Carte 4979********1974" ""
  source: "qif"
  Actif:Boursorama:CCTim                           -1088.58 EUR
  Passif:Boursorama:CBTim                           1088.58 EUR

2019-06-06 * "PRLV SEPA Free Telecom" ""
  source: "qif"
  Actif:Boursorama:CCTim                             -37.97 EUR
  Depenses:Abo:Internet                               37.97 EUR

2019-06-10 * "VIR SEPA GROS Timothee" ""
  source: "qif"
  Actif:Boursorama:CCTim                            -150.00 EUR
  Actif:Bink:CTO:Cash                                150.00 EUR

2019-06-11 * "VIR SEPA BOULON GILLES JE" ""
  source: "qif"
  Actif:Boursorama:CCTim                               8.00 EUR
  Depenses:Abo:Serveur                                -8.00 EUR

2019-06-11 * "PRLV SEPA GENERALI VIE SA" ""
  source: "qif"
  Actif:Boursorama:CCTim                            -150.00 EUR
  Actif:Linxea:AVTim1                                150.00 EUR

2019-06-12 * "PRLV SEPA GENERALI VIE SA" ""
  source: "qif"
  Actif:Boursorama:CCTim                            -150.00 EUR
  Actif:Boursorama:AVTim2                            150.00 EUR

2019-06-12 * "VIR SEPA SAS TECNAL" ""
  source: "qif"
  Actif:Boursorama:CCTim                             452.61 EUR
  Actif:NoteDeFrais                                 -452.61 EUR

2019-06-14 * "PRLV SEPA American Express Carte-France" ""
  source: "qif"
  Actif:Boursorama:CCTim                           -1009.57 EUR
  Passif:AirFrance:Amex                             1009.57 EUR

2019-06-17 * "VIR SEPA M.OU MME LEROUX YANNICK" ""
  source: "qif"
  Actif:Boursorama:CCTim                              10.40 EUR
  Depenses:Abo:Serveur                               -10.40 EUR

2019-06-18 * "CHQ. N.1738272" "Achat Vin Bergerac"
  source: "qif"
  Actif:Boursorama:CCTim                             -97.77 EUR
  Depenses:Alimentaire:VinsEtAlcool                   97.77 EUR

2019-06-18 * "RETRAIT DAB 17/06/19 France      CB*1974" ""
  source: "qif"
  Actif:Boursorama:CCTim                            -100.00 EUR
  Actif:Cash                                         100.00 EUR

2019-06-28 * "VIR SEPA TECNAL S.A.S" "dont paiement JF + primes de vacances"
  source: "qif"
  Actif:Boursorama:CCTim                            6414.75 EUR
  Revenus:Salaires:Tecnal                          -6414.75 EUR

2019-07-01 balance  Actif:Boursorama:CCTim          5478.09 EUR

2019-07-01 * "Relev{ diff{r{ Carte 4979********1974" ""
  source: "qif"
  Actif:Boursorama:CCTim                            -855.75 EUR
  Passif:Boursorama:CBTim                            855.75 EUR

2019-07-02 * "CHQ. N.1738275" ""
  source: "qif"
  Actif:Boursorama:CCTim                            -108.00 EUR
  Depenses:Immobilier:Menage:Salaire                 108.00 EUR

2019-07-05 * "PRLV SEPA Free Telecom" ""
  source: "qif"
  Actif:Boursorama:CCTim                             -37.97 EUR
  Depenses:Abo:Internet                               37.97 EUR

2019-07-05 * "*INTERETS DEBITEURS AU 30/06/19" ""
  source: "qif"
  Actif:Boursorama:CCTim                              -4.96 EUR
  Depenses:Banque:Frais                                4.96 EUR

2019-07-10 * "PRLV SEPA GENERALI VIE SA" ""
  source: "qif"
  Actif:Boursorama:CCTim                            -150.00 EUR
  Actif:Linxea:AVTim1                                150.00 EUR

2019-07-10 * "PRLV SEPA GENERALI VIE SA" ""
  source: "qif"
  Actif:Boursorama:CCTim                            -150.00 EUR
  Actif:Boursorama:AVTim2                            150.00 EUR

2019-07-10 * "VIR SEPA GROS Timothee" ""
  source: "qif"
  Actif:Boursorama:CCTim                            -150.00 EUR
  Actif:Bink:CTO:Cash                                150.00 EUR

2019-07-11 * "VIR SEPA BOULON GILLES JE" ""
  source: "qif"
  Actif:Boursorama:CCTim                               8.00 EUR
  Depenses:Abo:Serveur                                -8.00 EUR

2019-07-15 * "PRLV SEPA American Express Carte-France" ""
  source: "qif"
  Actif:Boursorama:CCTim                           -2317.49 EUR
  Passif:AirFrance:Amex                             2317.49 EUR

2019-07-15 * "VIR SEPA M.OU MME LEROUX YANNICK" ""
  source: "qif"
  Actif:Boursorama:CCTim                              10.40 EUR
  Depenses:Abo:Serveur                               -10.40 EUR

2019-07-31 * "VIR SEPA TECNAL S.A.S" ""
  source: "qif"
  Actif:Boursorama:CCTim                            3145.62 EUR
  Revenus:Salaires:Tecnal                          -3145.62 EUR

2019-08-01 balance  Actif:Boursorama:CCTim          3367.94 EUR

2019-08-01 * "Relev{ diff{r{ Carte 4979********1974" ""
  source: "qif"
  Actif:Boursorama:CCTim                           -1020.15 EUR
  Passif:Boursorama:CBTim                           1020.15 EUR

2019-08-02 * "CHQ. N.1738276" ""
  source: "qif"
  Actif:Boursorama:CCTim                             -30.00 EUR
  Depenses:Immobilier:Menage:Salaire                  30.00 EUR

2019-08-05 * "VIR SEPA SAS TECNAL" ""
  source: "qif"
  Actif:Boursorama:CCTim                             601.38 EUR
  Actif:NoteDeFrais                                 -601.38 EUR

2019-08-05 * "PRLV SEPA SURAVENIR" ""
  source: "qif"
  Actif:Boursorama:CCTim                            -150.00 EUR
  Actif:Linxea:CapiElise                             150.00 EUR

2019-08-05 * "VIR Deblocage Pret 00060818936" ""
  source: "qif"
  Actif:Boursorama:CCTim                           10000.00 EUR
  Passif:Boursorama:PretConso                     -10000.00 EUR

2019-08-05 * "VIR SEPA GROS Timothee" ""
  source: "qif"
  Actif:Boursorama:CCTim                           -5000.00 EUR
  Actif:Bink:CTO:Cash                               5000.00 EUR

2019-08-12 * "PRLV SEPA SURAVENIR" ""
  source: "qif"
  Actif:Boursorama:CCTim                            -155.13 EUR
  Actif:Linxea:CapiFelicien                          155.13 EUR

2019-08-12 * "PRLV SEPA GENERALI VIE SA" ""
  source: "qif"
  Actif:Boursorama:CCTim                            -150.00 EUR
  Actif:Linxea:AVTim1                                150.00 EUR

2019-08-12 * "PRLV SEPA GENERALI VIE SA" ""
  source: "qif"
  Actif:Boursorama:CCTim                            -150.00 EUR
  Actif:Boursorama:AVTim2                            150.00 EUR

2019-08-07 * "PRLV SEPA Free Telecom" ""
  source: "qif"
  Actif:Boursorama:CCTim                             -37.97 EUR
  Depenses:Abo:Internet                               37.97 EUR

2019-08-12 * "VIR SEPA GROS Timothee" ""
  source: "qif"
  Actif:Boursorama:CCTim                            -150.00 EUR
  Actif:Bink:CTO:Cash                                150.00 EUR

2019-08-12 * "VIR Virement interne depuis COMPTE PERS" ""
  source: "qif"
  Actif:Boursorama:CCTim                           -5000.00 EUR
  Actif:Boursorama:CELTim                           5000.00 EUR

2019-08-12 * "VIR SEPA BOULON GILLES JE" ""
  source: "qif"
  Actif:Boursorama:CCTim                               8.00 EUR
  Depenses:Abo:Serveur                                -8.00 EUR

2019-08-16 * "PRLV SEPA American Express Carte-France" ""
  source: "qif"
  Actif:Boursorama:CCTim                           -1279.99 EUR
  Passif:AirFrance:Amex                             1279.99 EUR

2019-08-16 * "VIR SEPA M.OU MME LEROUX YANNICK" ""
  source: "qif"
  Actif:Boursorama:CCTim                              10.40 EUR
  Depenses:Abo:Serveur                               -10.40 EUR

2019-08-19 balance  Actif:Boursorama:CCTim          -635.52 EUR

2013-12-16 * "VIR Avance sur frais Tecnal " ""
  document: "2013-12-16 Boursorama.pdf"
  source: "pdfbourso"
  Actif:Boursorama:CCTim
  Depenses:A-CLASSER                                 500.00 EUR

2015-06-29 * "VIR interne " ""
  document: "2015-06-29 Boursorama.pdf"
  source: "pdfbourso"
  Actif:Boursorama:CELTim                          -1000.00 EUR
  Actif:Boursorama:CCTim

2018-10-16 * "VIR Depot pour invest Pole Laitier " ""
  document: "2018-10-31 Boursorama.pdf"
  source: "pdfbourso"
  Actif:Boursorama:PEAPME:Cash
  Actif:Boursorama:CELTim                         -11550.00 EUR

2013-11-08 * "VIR cccccccc " "GROS TIMOTHEE"
  document: "2013-11-29 Boursorama.pdf"
  source: "pdfbourso"
  Actif:Boursorama:LDDJoint                         1000.00 EUR
  Actif:Boursorama:CCTim

2014-09-26 * "VIR interne " "M TIMOTHEE GROS"
  document: "2014-09-30 Boursorama.pdf"
  source: "pdfbourso"
  Actif:Boursorama:LDDJoint                        -1500.00 EUR
  Actif:Boursorama:CCTim

2014-11-26 * "VIR interne " "M TIMOTHEE GROS"
  document: "2014-11-28 Boursorama.pdf"
  source: "pdfbourso"
  Actif:Boursorama:LDDJoint                        -3500.00 EUR
  Actif:Boursorama:CCTim

2015-08-10 * "VIR interne " "M TIMOTHEE GROS"
  document: "2015-08-31 Boursorama.pdf"
  source: "pdfbourso"
  Actif:Boursorama:LDDJoint                         -500.00 EUR
  Actif:Boursorama:CCTim

2015-11-17 * "VIR interne " "M TIMOTHEE GROS"
  document: "2015-11-30 Boursorama.pdf"
  source: "pdfbourso"
  Actif:Boursorama:LDDJoint                         -700.00 EUR
  Actif:Boursorama:CCTim

2015-11-27 * "VIR SEPA Ingrid Audurier " "Salaire novembre"
  document: "2015-11-30 Boursorama.pdf"
  source: "pdfbourso"
  Actif:Boursorama:LDDJoint                         -488.60 EUR
  Depenses:A-CLASSER

2016-01-01 * "VIR interne " "GROS TIMOTHEE"
  document: "2016-01-29 Boursorama.pdf"
  source: "pdfbourso"
  Actif:Boursorama:LDDJoint                         7500.00 EUR
  Actif:Boursorama:CCTim

2016-01-09 * "VIR interne " "TRINQUIER"
  document: "2016-01-29 Boursorama.pdf"
  source: "pdfbourso"
  Actif:Boursorama:LDDJoint                          305.00 EUR
  Actif:Boursorama:CCAnna

2016-02-14 * "VIR interne " "GROS TIMOTHEE"
  document: "2016-02-29 Boursorama.pdf"
  source: "pdfbourso"
  Actif:Boursorama:LDDJoint                          833.55 EUR
  Actif:Boursorama:CCTim

2016-02-15 * "VIR interne " "GROS TIMOTHEE"
  document: "2016-02-29 Boursorama.pdf"
  source: "pdfbourso"
  Actif:Boursorama:LDDJoint                        -3000.00 EUR
  Actif:Boursorama:CCTim

2016-02-19 * "VIR interne " "MLE ANNA TRINQUIER OU M GROS"
  document: "2016-02-29 Boursorama.pdf"
  source: "pdfbourso"
  Actif:Boursorama:LDDJoint                        -4500.00 EUR
  Actif:Boursorama:CCJoint

2016-03-08 * "VIR interne " "M TIMOTHEE GROS"
  document: "2016-03-31 Boursorama.pdf"
  source: "pdfbourso"
  Actif:Boursorama:LDDJoint                        -1300.00 EUR
  Actif:Boursorama:CCTim

2017-09-18 * "VIR interne " "M TIMOTHEE GROS (pour accompte travaux entrée ?)"
  document: "2017-09-29 Boursorama.pdf"
  source: "pdfbourso"
  Actif:Boursorama:LDDJoint                         -800.00 EUR
  Actif:Boursorama:CCTim

2018-08-19 * "VIR interne " "GROS TIMOTHEE"
  document: "2018-08-31 Boursorama.pdf"
  source: "pdfbourso"
  Actif:Boursorama:LDDJoint                         6000.00 EUR
  Actif:Boursorama:CCTim

2018-11-05 * "VIR interne " "M TIMOTHEE GROS"
  document: "2018-11-30 Boursorama.pdf"
  source: "pdfbourso"
  Actif:Boursorama:LDDJoint                        -6000.00 EUR
  Actif:Boursorama:CCTim

1981-02-07 custom "fava-option" "insert-entry" "Actif:Boursorama:CCTim"

*** CCJoint

; L'historique du CC Joint LBP est simplifié.
2006-09-01 open Actif:BanquePostale:CCJoint                 EUR
2006-10-01 pad  Actif:BanquePostale:CCJoint  Equity:Opening-Balances

2013-08-31 balance Actif:BanquePostale:CCJoint            0 EUR
2013-09-30 close Actif:BanquePostale:CCJoint




2010-03-03 open Actif:Boursorama:CCJoint                    EUR
  account: "00040754305"
2013-03-04 pad  Actif:Boursorama:CCJoint  Equity:Opening-Balances

2019-01-01 balance  Actif:Boursorama:CCJoint         -67.43 EUR

2019-01-02 * "Relev{ diff{r{ Carte 4979********1979" ""
  source: "qif"
  Actif:Boursorama:CCJoint                          -274.22 EUR
  Passif:Boursorama:CBJoint                          274.22 EUR

2019-01-02 * "CARTE 31122018 79 EURODIF        CB*5969" ""
  source: "qif"
  Actif:Boursorama:CCJoint                           -33.04 EUR
  Depenses:Habillement                                33.04 EUR

2019-01-02 * "CARTE 31122018 79 INTERMARCHE    CB*5969" ""
  source: "qif"
  Actif:Boursorama:CCJoint                           -16.11 EUR
  Depenses:Alimentaire:Epicerie                       16.11 EUR

2019-01-03 * "PRLV SEPA FREE MOBILE" ""
  source: "qif"
  Actif:Boursorama:CCJoint                            -4.55 EUR
  Depenses:Abo:Telephone                               4.55 EUR

2019-01-03 * "PRLV SEPA GMF ASSURANCES" ""
  source: "qif"
  Actif:Boursorama:CCJoint                           -83.74 EUR
  Depenses:Voitures:Assurance                            32 EUR
  Depenses:Immobilier:Assurance

2019-01-03 * "REM CHQ N. 0688461" ""
  source: "qif"
  Actif:Boursorama:CCJoint                           292.44 EUR
  Revenus:VentesAnna                                -292.44 EUR

2019-01-04 * "RETRAIT DAB 03012019 NIORT       CB*5969" ""
  source: "qif"
  Actif:Boursorama:CCJoint                           -60.00 EUR
  Actif:Cash                                          60.00 EUR

2019-01-04 * "VIR SEPA CAF DES DEUX SEVRES" ""
  source: "qif"
  Actif:Boursorama:CCJoint                           131.16 EUR
  Revenus:CAF                                       -131.16 EUR

2019-01-07 * "VIR SEPA C.P.A.M. DE NIORT" ""
  source: "qif"
  Actif:Boursorama:CCJoint                            22.40 EUR
  Depenses:Sante                                     -22.40 EUR

2019-01-07 * "*FRAIS BOURSORAMA PROTEC. DUO +" ""
  source: "qif"
  Actif:Boursorama:CCJoint                            -3.50 EUR
  Depenses:Assurance:CB                                3.50 EUR

2019-01-07 * "CARTE 04012019 79 TAO NIORT      CB*5969" ""
  source: "qif"
  Actif:Boursorama:CCJoint                           -67.36 EUR
  Depenses:Habillement                                67.36 EUR

2019-01-07 * "CARTE 04012019 79 PHARM DE PARIS CB*5969" ""
  source: "qif"
  Actif:Boursorama:CCJoint                           -77.66 EUR
  Depenses:Sante                                      77.66 EUR

2019-01-08 * "*INTERETS DEBITEURS AU 31/12/18" ""
  source: "qif"
  Actif:Boursorama:CCJoint                            -2.76 EUR
  Depenses:Banque:Frais                                2.76 EUR

2019-01-09 * "VIR SEPA HARMONIE MUTUELLE" ""
  source: "qif"
  Actif:Boursorama:CCJoint                             9.60 EUR
  Depenses:Sante                                      -9.60 EUR

2019-01-09 * "VIR SEPA C.P.A.M. DE NIORT" ""
  source: "qif"
  Actif:Boursorama:CCJoint                            22.40 EUR
  Depenses:Sante                                     -22.40 EUR

2019-01-10 * "PRLV SEPA MAAF ASSURANCES SA" ""
  source: "qif"
  Actif:Boursorama:CCJoint                          -438.75 EUR
  Depenses:Voitures:Assurance                        438.75 EUR

2019-01-10 * "PRLV SEPA OGEC SAINT HILAIRE" ""
  source: "qif"
  Actif:Boursorama:CCJoint                          -269.00 EUR
  Depenses:Enfants:Scolarite                         269.00 EUR

2019-01-10 * "RETRAIT DAB 09012019 NIORT BRECH CB*1979" ""
  source: "qif"
  Actif:Boursorama:CCJoint                           -20.00 EUR
  Actif:Cash                                          20.00 EUR

2019-01-10 * "RETRAIT DAB 09012019 NIORT       CB*5969" ""
  source: "qif"
  Actif:Boursorama:CCJoint                           -50.00 EUR
  Actif:Cash                                          50.00 EUR

2019-01-11 * "VIR SEPA HARMONIE MUTUELLE" ""
  source: "qif"
  Actif:Boursorama:CCJoint                             9.60 EUR
  Depenses:Sante                                      -9.60 EUR

2019-01-15 * "VIR SEPA DDFIP DE LA HAUTE VIENNE" ""
  source: "qif"
  Actif:Boursorama:CCJoint                          1090.00 EUR
  Depenses:Impots:IR                               -1090.00 EUR

2019-01-15 * "PRLV SEPA DIRECTION GENERALE DES FINANCE" ""
  source: "qif"
  Actif:Boursorama:CCJoint                          -106.00 EUR
  Depenses:Impots:TF                                 106.00 EUR

2019-01-15 * "PRLV SEPA DIRECTION GENERALE DES FINANCE" ""
  source: "qif"
  Actif:Boursorama:CCJoint                           -96.00 EUR
  Depenses:Impots:TH                                  96.00 EUR

2019-01-17 ! "CHQ. N.9440143" ""
  source: "qif"
  Actif:Boursorama:CCJoint                           -52.71 EUR
  Depenses:Divers                                     52.71 EUR

2019-01-21 * "CARTE 18012019 79 INTERMARCHE    CB*5969" ""
  source: "qif"
  Actif:Boursorama:CCJoint                           -22.15 EUR
  Depenses:Alimentaire:Epicerie                       22.15 EUR

2019-01-21 * "CARTE 18012019 79 AMIS DU MARAIS CB*5969" ""
  source: "qif"
  Actif:Boursorama:CCJoint                           -13.10 EUR
  Depenses:Alimentaire:Epicerie                       13.10 EUR

2019-01-21 * "RETRAIT DAB 19012019 NIORT       CB*5969" ""
  source: "qif"
  Actif:Boursorama:CCJoint                           -60.00 EUR
  Actif:Cash                                          60.00 EUR

2019-01-22 * "VIR SEPA C.P.A.M. DE NIORT" ""
  source: "qif"
  Actif:Boursorama:CCJoint                            96.75 EUR
  Depenses:Sante                                     -96.75 EUR

2019-01-22 * "CARTE 21012019 79 LA LIBRAIRIE H CB*5969" ""
  source: "qif"
  Actif:Boursorama:CCJoint                           -34.80 EUR
  Depenses:Loisirs:Culture                            34.80 EUR

2019-01-22 * "CARTE 19012019 79 LA LIBRAIRIE   CB*5969" ""
  source: "qif"
  Actif:Boursorama:CCJoint                           -43.55 EUR
  Depenses:Loisirs:Culture                            43.55 EUR

2019-01-23 ! "CHQ. N.9440144" ""
  source: "qif"
  Actif:Boursorama:CCJoint                          -342.00 EUR
  Depenses:A-CLASSER                                 342.00 EUR

2019-01-24 * "VIR SEPA HARMONIE MUTUELLE" ""
  source: "qif"
  Actif:Boursorama:CCJoint                           193.50 EUR
  Depenses:Sante                                    -193.50 EUR

2019-01-24 * "CARTE 23012019 IE ITUNES.COM/BIL CB*5969" ""
  source: "qif"
  Actif:Boursorama:CCJoint                            -0.99 EUR
  Depenses:Abo:Apple                                   0.99 EUR

2019-01-25 * "CARTE 24012019 79 INTERMARCHE    CB*5969" ""
  source: "qif"
  Actif:Boursorama:CCJoint                           -15.84 EUR
  Depenses:Alimentaire:Epicerie                       15.84 EUR

2019-01-28 ! "ECH PRET:80280000606862232601" ""
  source: "qif"
  Actif:Boursorama:CCJoint                         -1082.26 EUR
  Passif:Boursorama:EmpruntRP                       1082.26 EUR

2019-01-28 * "PRLV SEPA Engie" ""
  source: "qif"
  Actif:Boursorama:CCJoint                           -70.66 EUR
  Depenses:Abo:Gaz                                    70.66 EUR

2019-01-28 * "PRLV SEPA EDF clients particuliers" ""
  source: "qif"
  Actif:Boursorama:CCJoint                          -160.89 EUR
  Depenses:Abo:Elec                                  160.89 EUR

2019-01-28 * "CARTE 25012019 79 PHARM DE PARIS CB*5969" ""
  source: "qif"
  Actif:Boursorama:CCJoint                           -16.63 EUR
  Depenses:Sante                                      16.63 EUR

2019-01-29 * "CARTE 26012019 79 HETM238        CB*5969" ""
  source: "qif"
  Actif:Boursorama:CCJoint                           -18.96 EUR
  Depenses:Habillement                                18.96 EUR

2019-01-29 * "CARTE 26012019 FR219 TIGER NIOR  CB*5969" ""
  source: "qif"
  Actif:Boursorama:CCJoint                            -4.00 EUR
  Depenses:Habillement                                 4.00 EUR

2019-01-30 * "REM CHQ N. 0768205" ""
  source: "qif"
  Actif:Boursorama:CCJoint                           287.00 EUR
  Revenus:VentesAnna                                -287.00 EUR

2019-02-01 * "Relev{ diff{r{ Carte 4979********1979" ""
  source: "qif"
  Actif:Boursorama:CCJoint                          -324.16 EUR
  Passif:Boursorama:CBJoint                          324.16 EUR

2019-02-04 * "PRLV SEPA GMF ASSURANCES" ""
  source: "qif"
  Actif:Boursorama:CCJoint                           -83.73 EUR
  Depenses:Voitures:Assurance                            35 EUR
  Depenses:Immobilier:Assurance

2019-02-04 * "PRLV SEPA TRES. NIORT-SEVRE MUNICIPALE -" ""
  source: "qif"
  Actif:Boursorama:CCJoint                          -117.00 EUR
  Depenses:Enfants:Loisirs                           117.00 EUR

2019-02-05 * "PRLV SEPA FREE MOBILE" ""
  source: "qif"
  Actif:Boursorama:CCJoint                            -4.65 EUR
  Depenses:Abo:Telephone                               4.65 EUR

2019-02-05 * "VIR SEPA CAF DES DEUX SEVRES" ""
  source: "qif"
  Actif:Boursorama:CCJoint                           131.16 EUR
  Revenus:CAF                                       -131.16 EUR

2019-02-05 * "CARTE 02022019 79 INTERMARCHE    CB*5969" ""
  source: "qif"
  Actif:Boursorama:CCJoint                           -12.83 EUR
  Depenses:Alimentaire:Epicerie                       12.83 EUR

2019-02-06 * "VIR SEPA C.P.A.M. DE NIORT" ""
  source: "qif"
  Actif:Boursorama:CCJoint                            30.69 EUR
  Depenses:Sante                                     -30.69 EUR

2019-02-06 * "RETRAIT DAB 05022019 NIORT       CB*5969" ""
  source: "qif"
  Actif:Boursorama:CCJoint                           -70.00 EUR
  Actif:Cash                                          70.00 EUR

2019-02-07 * "*FRAIS BOURSORAMA PROTEC. DUO +" ""
  source: "qif"
  Actif:Boursorama:CCJoint                            -3.50 EUR
  Depenses:Assurance:CB                                3.50 EUR

2019-02-08 * "VIR SEPA HARMONIE MUTUELLE" ""
  source: "qif"
  Actif:Boursorama:CCJoint                            14.01 EUR
  Depenses:Sante                                     -14.01 EUR

2019-02-11 * "PRLV SEPA OGEC SAINT HILAIRE" ""
  source: "qif"
  Actif:Boursorama:CCJoint                          -269.00 EUR
  Depenses:Enfants:Scolarite                         269.00 EUR

2019-02-12 * "CARTE 11022019 79 SA SONIAL      CB*5969" ""
  source: "qif"
  Actif:Boursorama:CCJoint                           -13.01 EUR
  Depenses:Voitures:Carburant                         13.01 EUR

2019-02-14 * "VIR SEPA C.P.A.M. DE NIORT" ""
  source: "qif"
  Actif:Boursorama:CCJoint                            22.40 EUR
  Depenses:Sante                                     -22.40 EUR

2019-02-15 * "PRLV SEPA DIRECTION GENERALE DES FINANCE" ""
  source: "qif"
  Actif:Boursorama:CCJoint                          -106.00 EUR
  Depenses:Impots:TF                                 106.00 EUR

2019-02-15 * "PRLV SEPA DIRECTION GENERALE DES FINANCE" ""
  source: "qif"
  Actif:Boursorama:CCJoint                           -96.00 EUR
  Depenses:Impots:TH                                  96.00 EUR

2019-02-18 * "VIR SEPA HARMONIE MUTUELLE" ""
  source: "qif"
  Actif:Boursorama:CCJoint                             9.60 EUR
  Depenses:Sante                                      -9.60 EUR

2019-02-19 * "VIR SEPA C.P.A.M. DE NIORT" ""
  source: "qif"
  Actif:Boursorama:CCJoint                            31.69 EUR
  Depenses:Sante                                     -31.69 EUR

2019-02-19 * "RETRAIT DAB 16022019 NIORT       CB*5969" ""
  source: "qif"
  Actif:Boursorama:CCJoint                           -70.00 EUR
  Actif:Cash                                          70.00 EUR

2019-02-21 * "VIR SEPA HARMONIE MUTUELLE" ""
  source: "qif"
  Actif:Boursorama:CCJoint                            14.01 EUR
  Depenses:Sante                                     -14.01 EUR

2019-02-21 * "CHQ. N.9440145" ""
  source: "qif"
  Actif:Boursorama:CCJoint                           -32.00 EUR
  Depenses:Sante                                      32.00 EUR

2019-02-26 ! "ECH PRET:80280000606862232602" ""
  source: "qif"
  Actif:Boursorama:CCJoint                         -1082.26 EUR
  Passif:Boursorama:EmpruntRP                       1082.26 EUR

2019-02-26 * "PRLV SEPA Engie" ""
  source: "qif"
  Actif:Boursorama:CCJoint                           -70.66 EUR
  Depenses:Abo:Gaz                                    70.66 EUR

2019-02-26 * "CARTE 23022019 IE ITUNES.COM/BIL CB*5969" ""
  source: "qif"
  Actif:Boursorama:CCJoint                            -0.99 EUR
  Depenses:Abo:Apple                                   0.99 EUR

2019-02-27 * "PRLV SEPA EDF clients particuliers" ""
  source: "qif"
  Actif:Boursorama:CCJoint                          -160.89 EUR
  Depenses:Abo:Elec                                  160.89 EUR

2019-02-28 * "PRLV SEPA URSSAF RHONE ALPES - CNCESU CE" ""
  source: "qif"
  Actif:Boursorama:CCJoint                           -70.29 EUR
  Depenses:Immobilier:Menage:Charges                  70.29 EUR

2019-03-01 * "Relev{ diff{r{ Carte 4979********1979" ""
  source: "qif"
  Actif:Boursorama:CCJoint                          -192.14 EUR
  Passif:Boursorama:CBJoint                          192.14 EUR

2019-03-04 * "PRLV SEPA GMF ASSURANCES" ""
  source: "qif"
  Actif:Boursorama:CCJoint                           -86.19 EUR
  Depenses:Voitures:Assurance                            35 EUR
  Depenses:Immobilier:Assurance

2019-03-05 * "VIR SEPA CAF DES DEUX SEVRES" ""
  source: "qif"
  Actif:Boursorama:CCJoint                           131.16 EUR
  Revenus:CAF                                       -131.16 EUR

2019-03-06 * "CARTE 04032019 79 BIOMARCHE      CB*5969" ""
  source: "qif"
  Actif:Boursorama:CCJoint                          -135.93 EUR
  Depenses:Alimentaire:Epicerie                      135.93 EUR

2019-03-07 * "VIR SEPA C.P.A.M. DE NIORT" ""
  source: "qif"
  Actif:Boursorama:CCJoint                            22.40 EUR
  Depenses:Sante                                     -22.40 EUR

2019-03-07 * "*FRAIS BOURSORAMA PROTEC. DUO +" ""
  source: "qif"
  Actif:Boursorama:CCJoint                            -3.50 EUR
  Depenses:Assurance:CB                                3.50 EUR

2019-03-07 * "CARTE 05032019 79 AMIS DU MARAIS CB*5969" ""
  source: "qif"
  Actif:Boursorama:CCJoint                           -26.55 EUR
  Depenses:Alimentaire:Epicerie                       26.55 EUR

2019-03-11 * "VIR SEPA HARMONIE MUTUELLE" ""
  source: "qif"
  Actif:Boursorama:CCJoint                             9.60 EUR
  Depenses:Sante                                      -9.60 EUR

2019-03-11 * "PRLV SEPA OGEC SAINT HILAIRE" ""
  source: "qif"
  Actif:Boursorama:CCJoint                          -271.00 EUR
  Depenses:Enfants:Scolarite                         271.00 EUR

2019-03-11 * "RETRAIT DAB 08032019 NIORT       CB*5969" ""
  source: "qif"
  Actif:Boursorama:CCJoint                           -50.00 EUR
  Actif:Cash                                          50.00 EUR

2019-03-12 * "CARTE 09/03/19 79 OXYGEN         CB*5969" ""
  source: "qif"
  Actif:Boursorama:CCJoint                           -28.00 EUR
  Depenses:Enfants:Coiffeur                           28.00 EUR

2019-03-14 * "CHQ. N.9440146" ""
  source: "qif"
  Actif:Boursorama:CCJoint                           -32.00 EUR
  Depenses:Sante                                      32.00 EUR

2019-03-15 * "PRLV SEPA DIRECTION GENERALE DES FINANCE" ""
  source: "qif"
  Actif:Boursorama:CCJoint                           -96.00 EUR
  Depenses:Impots:TH                                  96.00 EUR

2019-03-15 * "PRLV SEPA DIRECTION GENERALE DES FINANCE" ""
  source: "qif"
  Actif:Boursorama:CCJoint                          -106.00 EUR
  Depenses:Impots:TH                                 106.00 EUR

2019-03-18 * "RETRAIT DAB 16/03/19 NIORT       CB*5969" ""
  source: "qif"
  Actif:Boursorama:CCJoint                           -60.00 EUR
  Actif:Cash                                          60.00 EUR

2019-03-19 * "CARTE 18/03/19 79 BIO COOP       CB*5969" ""
  source: "qif"
  Actif:Boursorama:CCJoint                           -38.50 EUR
  Depenses:Alimentaire:Epicerie                       38.50 EUR

2019-03-19 * "CARTE 18/03/19 79 BIOMARCHE      CB*5969" ""
  source: "qif"
  Actif:Boursorama:CCJoint                           -52.33 EUR
  Depenses:Alimentaire:Epicerie                       52.33 EUR

2019-03-20 * "VIR SEPA C.P.A.M. DE NIORT" ""
  source: "qif"
  Actif:Boursorama:CCJoint                            31.69 EUR
  Depenses:Sante                                     -31.69 EUR

2019-03-21 * "CARTE 20/03/19 79 PHARM DE PARIS CB*5969" ""
  source: "qif"
  Actif:Boursorama:CCJoint                          -123.13 EUR
  Depenses:Sante                                     123.13 EUR

2019-03-22 * "VIR SEPA HARMONIE MUTUELLE" ""
  source: "qif"
  Actif:Boursorama:CCJoint                            14.01 EUR
  Depenses:Sante                                     -14.01 EUR

2019-03-25 * "CARTE 23/03/19 IE ITUNES.COM/BIL CB*5969" ""
  source: "qif"
  Actif:Boursorama:CCJoint                            -0.99 EUR
  Depenses:Abo:Apple                                   0.99 EUR

2019-03-26 ! "ECH PRET:80280000606862232603" ""
  source: "qif"
  Actif:Boursorama:CCJoint                         -1082.26 EUR
  Passif:Boursorama:EmpruntRP                       1082.26 EUR

2019-03-26 * "PRLV SEPA Engie" ""
  source: "qif"
  Actif:Boursorama:CCJoint                           -70.66 EUR
  Depenses:Abo:Gaz                                    70.66 EUR

2019-03-27 * "PRLV SEPA EDF clients particuliers" ""
  source: "qif"
  Actif:Boursorama:CCJoint                          -160.89 EUR
  Depenses:Abo:Elec                                  160.89 EUR

2019-03-29 * "PRLV SEPA URSSAF RHONE ALPES - CNCESU CE" ""
  source: "qif"
  Actif:Boursorama:CCJoint                           -78.90 EUR
  Depenses:Immobilier:Menage:Charges                  78.90 EUR

2019-04-01 * "Relev{ diff{r{ Carte 4979********1979" ""
  source: "qif"
  Actif:Boursorama:CCJoint                          -452.48 EUR
  Passif:Boursorama:CBJoint                          452.48 EUR

2019-04-01 * "CARTE 29/03/19 79 AMIS DU MARAIS CB*5969" ""
  source: "qif"
  Actif:Boursorama:CCJoint                           -12.32 EUR
  Depenses:Alimentaire:Epicerie                       12.32 EUR

2019-04-03 * "PRLV SEPA GMF ASSURANCES" ""
  source: "qif"
  Actif:Boursorama:CCJoint                           -86.19 EUR
  Depenses:Voitures:Assurance                            35 EUR
  Depenses:Immobilier:Assurance

2019-04-03 * "PRLV SEPA FREE MOBILE" ""
  source: "qif"
  Actif:Boursorama:CCJoint                            -4.65 EUR
  Depenses:Abo:Telephone                               4.65 EUR

2019-04-05 * "VIR SEPA CAF DES DEUX SEVRES" ""
  source: "qif"
  Actif:Boursorama:CCJoint                           131.16 EUR
  Revenus:CAF                                       -131.16 EUR

2019-04-05 * "*FRAIS BOURSORAMA PROTEC. DUO +" ""
  source: "qif"
  Actif:Boursorama:CCJoint                            -3.50 EUR
  Depenses:Assurance:CB                                3.50 EUR

2019-04-05 * "*INTERETS DEBITEURS AU 31/03/19" ""
  source: "qif"
  Actif:Boursorama:CCJoint                            -0.01 EUR
  Depenses:Banque:Frais                                0.01 EUR

2019-04-08 * "CARTE 05/04/19 79 AMIS DU MARAIS CB*5969" ""
  source: "qif"
  Actif:Boursorama:CCJoint                           -27.30 EUR
  Depenses:Alimentaire:Epicerie                       27.30 EUR

2019-04-09 * "CARTE 06/04/19 79 H&M238         CB*5969" ""
  source: "qif"
  Actif:Boursorama:CCJoint                           -54.94 EUR
  Depenses:Habillement                                54.94 EUR

2019-04-09 * "CARTE 06/04/19 79 LA LIBRAIRIE   CB*5969" ""
  source: "qif"
  Actif:Boursorama:CCJoint                           -29.12 EUR
  Depenses:Loisirs:Culture                            29.12 EUR

2019-04-10 * "CHQ. N.9440147" ""
  source: "qif"
  Actif:Boursorama:CCJoint                           -58.00 EUR
  Depenses:Divers                                     58.00 EUR

2019-04-10 * "PRLV SEPA OGEC SAINT HILAIRE" ""
  source: "qif"
  Actif:Boursorama:CCJoint                          -271.00 EUR
  Depenses:Enfants:Scolarite                         271.00 EUR

2019-04-15 * "VIR SEPA HARMONIE MUTUELLE" ""
  source: "qif"
  Actif:Boursorama:CCJoint                            35.00 EUR
  Depenses:Sante                                     -35.00 EUR

2019-04-11 * "CARTE 10/04/19 79 PHARM DE PARIS CB*5969" ""
  source: "qif"
  Actif:Boursorama:CCJoint                           -77.12 EUR
  Depenses:Sante                                      77.12 EUR

2019-04-15 * "PRLV SEPA DIRECTION GENERALE DES FINANCE" ""
  source: "qif"
  Actif:Boursorama:CCJoint                          -106.00 EUR
  Depenses:Impots:TF                                 106.00 EUR

2019-04-15 * "PRLV SEPA DIRECTION GENERALE DES FINANCE" ""
  source: "qif"
  Actif:Boursorama:CCJoint                           -96.00 EUR
  Depenses:Impots:TH                                  96.00 EUR

2019-04-16 * "REM CHQ N. 0882524" ""
  source: "qif"
  Actif:Boursorama:CCJoint                            70.00 EUR
  Revenus:VentesAnna                                 -70.00 EUR

2019-04-17 * "VIR SEPA C.P.A.M. DE NIORT" ""
  source: "qif"
  Actif:Boursorama:CCJoint                            26.69 EUR
  Depenses:Sante                                     -26.69 EUR

2019-04-18 * "PRLV SEPA TRES. NIORT-SEVRE MUNICIPALE -" ""
  source: "qif"
  Actif:Boursorama:CCJoint                          -117.00 EUR
  Depenses:Enfants:Loisirs                           117.00 EUR

2019-04-23 * "VIR SEPA HARMONIE MUTUELLE" ""
  source: "qif"
  Actif:Boursorama:CCJoint                            14.01 EUR
  Depenses:Sante                                     -14.01 EUR

2019-04-24 * "CARTE 23/04/19 IE ITUNES.COM/BIL CB*5969" ""
  source: "qif"
  Actif:Boursorama:CCJoint                            -0.99 EUR
  Depenses:Abo:Apple                                   0.99 EUR

2019-04-26 ! "ECH PRET:80280000606862232604" ""
  source: "qif"
  Actif:Boursorama:CCJoint                         -1082.26 EUR
  Passif:Boursorama:EmpruntRP                       1082.26 EUR

2019-04-26 * "PRLV SEPA Engie" ""
  source: "qif"
  Actif:Boursorama:CCJoint                           -70.66 EUR
  Depenses:Abo:Gaz                                    70.66 EUR

2019-04-26 * "VIR SEPA GROS Adelaide" ""
  source: "qif"
  Actif:Boursorama:CCJoint                         -1200.00 EUR
  Depenses:Loisirs:Voyages                          1200.00 EUR

2019-04-29 * "PRLV SEPA EDF clients particuliers" ""
  source: "qif"
  Actif:Boursorama:CCJoint                          -160.89 EUR
  Depenses:Abo:Elec                                  160.89 EUR

2019-04-30 * "PRLV SEPA URSSAF RHONE ALPES - CNCESU CE" ""
  source: "qif"
  Actif:Boursorama:CCJoint                           -63.13 EUR
  Depenses:Immobilier:Menage:Charges                  63.13 EUR

2019-05-03 * "PRLV SEPA GMF ASSURANCES" ""
  source: "qif"
  Actif:Boursorama:CCJoint                           -86.19 EUR
  Depenses:Voitures:Assurance                            35 EUR
  Depenses:Immobilier:Assurance

2019-05-06 * "PRLV SEPA FREE MOBILE" ""
  source: "qif"
  Actif:Boursorama:CCJoint                            -4.25 EUR
  Depenses:Abo:Telephone                               4.25 EUR

2019-05-06 * "VIR SEPA CAF DES DEUX SEVRES" ""
  source: "qif"
  Actif:Boursorama:CCJoint                           131.55 EUR
  Revenus:CAF                                       -131.55 EUR

2019-05-10 * "PRLV SEPA OGEC SAINT HILAIRE" ""
  source: "qif"
  Actif:Boursorama:CCJoint                          -271.00 EUR
  Depenses:Enfants:Scolarite                         271.00 EUR

2019-05-10 * "CARTE 09/05/19 79 TAO NIORT      CB*5969" ""
  source: "qif"
  Actif:Boursorama:CCJoint                           -24.99 EUR
  Depenses:Habillement                                24.99 EUR

2019-05-10 * "CARTE 09/05/19 79 PHIE BONNET-AB CB*5969" ""
  source: "qif"
  Actif:Boursorama:CCJoint                           -33.17 EUR
  Depenses:Sante                                      33.17 EUR

2019-05-13 * "CARTE 11/05/19 79 INTERMARCHE    CB*5969" ""
  source: "qif"
  Actif:Boursorama:CCJoint                           -15.36 EUR
  Depenses:Alimentaire:Epicerie                       15.36 EUR

2019-05-13 * "RETRAIT DAB 11/05/19 LCL NIORT   CB*5969" ""
  source: "qif"
  Actif:Boursorama:CCJoint                           -50.00 EUR
  Actif:Cash                                          50.00 EUR

2019-05-13 * "CARTE 11/05/19 79 PHARM DE PARIS CB*5969" ""
  source: "qif"
  Actif:Boursorama:CCJoint                           -32.98 EUR
  Depenses:Sante                                      32.98 EUR

2019-05-15 * "VIR SEPA C.P.A.M. DE NIORT" ""
  source: "qif"
  Actif:Boursorama:CCJoint                            27.19 EUR
  Depenses:Sante                                     -27.19 EUR

2019-05-15 * "PRLV SEPA DIRECTION GENERALE DES FINANCE" ""
  source: "qif"
  Actif:Boursorama:CCJoint                          -106.00 EUR
  Depenses:Impots:TF                                 106.00 EUR

2019-05-15 * "PRLV SEPA DIRECTION GENERALE DES FINANCE" ""
  source: "qif"
  Actif:Boursorama:CCJoint                           -96.00 EUR
  Depenses:Impots:TH                                  96.00 EUR

2019-05-16 * "VIR SEPA HARMONIE MUTUELLE" ""
  source: "qif"
  Actif:Boursorama:CCJoint                             7.50 EUR
  Depenses:Sante                                      -7.50 EUR

2019-05-17 * "VIR SEPA HARMONIE MUTUELLE" ""
  source: "qif"
  Actif:Boursorama:CCJoint                            14.01 EUR
  Depenses:Sante                                     -14.01 EUR

2019-05-17 * "*FRAIS BOURSORAMA PROTEC. DUO +" ""
  source: "qif"
  Actif:Boursorama:CCJoint                            -3.50 EUR
  Depenses:Assurance:CB                                3.50 EUR

2019-05-17 * "CARTE 16/05/19 79 AMIS DU MARAIS CB*5969" ""
  source: "qif"
  Actif:Boursorama:CCJoint                           -23.94 EUR
  Depenses:Alimentaire:Epicerie                       23.94 EUR

2019-05-20 * "RETRAIT DAB 18/05/19 LCL NIORT   CB*5969" ""
  source: "qif"
  Actif:Boursorama:CCJoint                           -60.00 EUR
  Actif:Cash                                          60.00 EUR

2019-05-24 * "CARTE 23/05/19 IE ITUNES.COM/BIL CB*5969" ""
  source: "qif"
  Actif:Boursorama:CCJoint                            -0.99 EUR
  Depenses:Abo:Apple                                   0.99 EUR

2019-05-27 ! "ECH PRET:80280000606862232605" ""
  source: "qif"
  Actif:Boursorama:CCJoint                         -1082.26 EUR
  Passif:Boursorama:EmpruntRP                       1082.26 EUR

2019-05-27 * "PRLV SEPA Engie" ""
  source: "qif"
  Actif:Boursorama:CCJoint                          -115.69 EUR
  Depenses:Abo:Gaz                                   115.69 EUR

2019-05-27 * "PRLV SEPA EDF clients particuliers" ""
  source: "qif"
  Actif:Boursorama:CCJoint                          -160.89 EUR
  Depenses:Abo:Elec                                  160.89 EUR

2019-05-27 * "RETRAIT DAB 25/05/19 LCL NIORT   CB*5969" ""
  source: "qif"
  Actif:Boursorama:CCJoint                           -80.00 EUR
  Actif:Cash                                          80.00 EUR

2019-05-27 * "CARTE 24/05/19 79 OXYGEN         CB*5969" ""
  source: "qif"
  Actif:Boursorama:CCJoint                           -12.00 EUR
  Depenses:Enfants:Coiffeur                           12.00 EUR

2019-05-29 * "VIR SEPA C.P.A.M. DE NIORT" ""
  source: "qif"
  Actif:Boursorama:CCJoint                            31.69 EUR
  Depenses:Sante                                     -31.69 EUR

2019-05-31 * "PRLV SEPA URSSAF RHONE ALPES - CNCESU CE" ""
  source: "qif"
  Actif:Boursorama:CCJoint                           -63.13 EUR
  Depenses:Immobilier:Menage:Charges                  63.13 EUR

2019-06-03 * "Relev{ diff{r{ Carte 4979********1979" ""
  source: "qif"
  Actif:Boursorama:CCJoint                          -441.96 EUR
  Passif:Boursorama:CBJoint                          441.96 EUR

2019-06-03 * "VIR Contribution compte commun" ""
  source: "qif"
  Actif:Boursorama:CCJoint                           500.00 EUR
  Actif:Boursorama:CCAnna                           -500.00 EUR

2019-06-03 * "VIR SEPA HARMONIE MUTUELLE" ""
  source: "qif"
  Actif:Boursorama:CCJoint                            14.01 EUR
  Depenses:Sante                                     -14.01 EUR

2019-06-03 * "PRLV SEPA GMF ASSURANCES" ""
  source: "qif"
  Actif:Boursorama:CCJoint                           -86.19 EUR
  Depenses:Voitures:Assurance                            35 EUR
  Depenses:Immobilier:Assurance

2019-06-03 * "CARTE 01/06/19 17 FLOWER EXP CAM CB*5969" ""
  source: "qif"
  Actif:Boursorama:CCJoint                          -126.00 EUR
  Depenses:Divers                                    126.00 EUR

2019-06-05 * "PRLV SEPA FREE MOBILE" ""
  source: "qif"
  Actif:Boursorama:CCJoint                            -4.90 EUR
  Depenses:Abo:Telephone                               4.90 EUR

2019-06-04 * "RETRAIT DAB 02/06/19 NIORT HALLE CB*5969" ""
  source: "qif"
  Actif:Boursorama:CCJoint                           -60.00 EUR
  Actif:Cash                                          60.00 EUR

2019-06-05 * "VIR SEPA HARMONIE MUTUELLE" ""
  source: "qif"
  Actif:Boursorama:CCJoint                             7.50 EUR
  Depenses:Sante                                      -7.50 EUR

2019-06-05 * "VIR SEPA CAF DES DEUX SEVRES" ""
  source: "qif"
  Actif:Boursorama:CCJoint                           131.55 EUR
  Revenus:CAF                                       -131.55 EUR

2019-06-07 * "*FRAIS BOURSORAMA PROTEC. DUO +" ""
  source: "qif"
  Actif:Boursorama:CCJoint                            -3.50 EUR
  Depenses:Assurance:CB                                3.50 EUR

2019-06-10 * "VIR SEPA HARMONIE MUTUELLE" ""
  source: "qif"
  Actif:Boursorama:CCJoint                             7.50 EUR
  Depenses:Sante                                      -7.50 EUR

2019-06-11 * "PRLV SEPA OGEC SAINT HILAIRE" ""
  source: "qif"
  Actif:Boursorama:CCJoint                          -274.00 EUR
  Depenses:Enfants:Scolarite                         274.00 EUR

2019-06-11 * "CARTE 07/06/19 79 PICARD SA  082 CB*5969" ""
  source: "qif"
  Actif:Boursorama:CCJoint                           -73.03 EUR
  Depenses:Alimentaire:Epicerie                       73.03 EUR

2019-06-11 * "CARTE 08/06/19 79 AMIS DU MARAIS CB*5969" ""
  source: "qif"
  Actif:Boursorama:CCJoint                           -23.26 EUR
  Depenses:Alimentaire:Epicerie                       23.26 EUR

2019-06-11 * "CARTE 08/06/19 79 L'INSTANT FROM CB*5969" ""
  source: "qif"
  Actif:Boursorama:CCJoint                            -9.40 EUR
  Depenses:Alimentaire:Epicerie                        9.40 EUR

2019-06-11 * "CARTE 08/06/19 79 INTERMARCHE    CB*5969" ""
  source: "qif"
  Actif:Boursorama:CCJoint                           -19.84 EUR
  Depenses:Alimentaire:Epicerie                       19.84 EUR

2019-06-12 * "RETRAIT DAB 08/06/19 CHABRIERES  CB*5969" ""
  source: "qif"
  Actif:Boursorama:CCJoint                           -40.00 EUR
  Actif:Cash                                          40.00 EUR

2019-06-13 * "VIR SEPA C.P.A.M. DE NIORT" ""
  source: "qif"
  Actif:Boursorama:CCJoint                            40.20 EUR
  Depenses:Sante                                     -40.20 EUR

2019-06-17 * "PRLV SEPA DIRECTION GENERALE DES FINANCE" ""
  source: "qif"
  Actif:Boursorama:CCJoint                           -96.00 EUR
  Depenses:Impots:TH                                  96.00 EUR

2019-06-13 * "RETRAIT DAB 12/06/19 NIORT       CB*5969" ""
  source: "qif"
  Actif:Boursorama:CCJoint                           -50.00 EUR
  Actif:Cash                                          50.00 EUR

2019-06-17 * "PRLV SEPA DIRECTION GENERALE DES FINANCE" ""
  source: "qif"
  Actif:Boursorama:CCJoint                          -106.00 EUR
  Depenses:Impots:TF                                 106.00 EUR

2019-06-20 * "CARTE 19/06/19 79 H&M238         CB*5969" ""
  source: "qif"
  Actif:Boursorama:CCJoint                           -15.46 EUR
  Depenses:Habillement                                15.46 EUR

2019-06-24 * "CARTE 23/06/19 ITUNES.COM/BILL   CB*5969" ""
  source: "qif"
  Actif:Boursorama:CCJoint                            -0.99 EUR
  Depenses:Abo:Apple                                   0.99 EUR

2019-06-24 * "CARTE 22/06/19 79 BIOMARCHE      CB*5969" ""
  source: "qif"
  Actif:Boursorama:CCJoint                           -73.48 EUR
  Depenses:Alimentaire:Epicerie                       73.48 EUR

2019-06-24 * "CARTE 22/06/19 79 PICARD SA 282  CB*5969" ""
  source: "qif"
  Actif:Boursorama:CCJoint                           -54.28 EUR
  Depenses:Alimentaire:Epicerie                       54.28 EUR

2019-06-26 ! "ECH PRET:80280000606862232606" ""
  source: "qif"
  Actif:Boursorama:CCJoint                         -1082.26 EUR
  Passif:Boursorama:EmpruntRP                       1082.26 EUR

2019-06-26 * "VIR SEPA C.P.A.M. DE NIORT" ""
  source: "qif"
  Actif:Boursorama:CCJoint                            31.69 EUR
  Depenses:Sante                                     -31.69 EUR

2019-06-26 * "PRLV SEPA Engie" ""
  source: "qif"
  Actif:Boursorama:CCJoint                           -87.06 EUR
  Depenses:Abo:Gaz                                    87.06 EUR

2019-06-26 * "CARTE 25/06/19 79 AMIS DU MARAIS CB*5969" ""
  source: "qif"
  Actif:Boursorama:CCJoint                            -8.09 EUR
  Depenses:Alimentaire:Epicerie                        8.09 EUR

2019-06-27 * "PRLV SEPA ELECTRICITE DE FRANCE" ""
  source: "qif"
  Actif:Boursorama:CCJoint                          -112.62 EUR
  Depenses:Abo:Elec                                  112.62 EUR

2019-06-28 * "VIR SEPA HARMONIE MUTUELLE" ""
  source: "qif"
  Actif:Boursorama:CCJoint                            14.01 EUR
  Depenses:Sante                                     -14.01 EUR

2019-06-27 * "CARTE 26/06/19 79 H&M238         CB*5969" ""
  source: "qif"
  Actif:Boursorama:CCJoint                           -21.97 EUR
  Depenses:Habillement                                21.97 EUR

2019-06-28 * "PRLV SEPA URSSAF RHONE ALPES - CNCESU CE" ""
  source: "qif"
  Actif:Boursorama:CCJoint                           -63.13 EUR
  Depenses:Immobilier:Menage:Charges                  63.13 EUR

2019-06-28 * "PRLV SEPA TRES. NIORT-SEVRE MUNICIPALE -" ""
  source: "qif"
  Actif:Boursorama:CCJoint                          -205.67 EUR
  Depenses:Abo:Eau                                   205.67 EUR

2019-07-01 * "Relev{ diff{r{ Carte 4979********1979" ""
  source: "qif"
  Actif:Boursorama:CCJoint                          -352.89 EUR
  Passif:Boursorama:CBJoint                          352.89 EUR

2019-07-01 * "VIR Contribution compte commun" ""
  source: "qif"
  Actif:Boursorama:CCJoint                           500.00 EUR
  Actif:Boursorama:CCAnna                           -500.00 EUR

2019-07-02 * "CARTE 29/06/19 ITUNES.COM/BILL   CB*5969" ""
  source: "qif"
  Actif:Boursorama:CCJoint                            -2.17 EUR
  Depenses:Abo:Apple                                   2.17 EUR

2019-07-01 * "RETRAIT DAB 29/06/19 NIORT REPUB CB*5969" ""
  source: "qif"
  Actif:Boursorama:CCJoint                           -60.00 EUR
  Actif:Cash                                          60.00 EUR

2019-07-03 * "PRLV SEPA FREE MOBILE" ""
  source: "qif"
  Actif:Boursorama:CCJoint                            -6.35 EUR
  Depenses:Abo:Telephone                               6.35 EUR

2019-07-03 * "PRLV SEPA GMF ASSURANCES" ""
  source: "qif"
  Actif:Boursorama:CCJoint                           -86.19 EUR
  Depenses:Voitures:Assurance                            35 EUR
  Depenses:Immobilier:Assurance

2019-07-05 * "VIR SEPA CAF DES DEUX SEVRES" ""
  source: "qif"
  Actif:Boursorama:CCJoint                           131.55 EUR
  Revenus:CAF                                       -131.55 EUR

2019-07-05 * "*INTERETS DEBITEURS AU 30/06/19" ""
  source: "qif"
  Actif:Boursorama:CCJoint                            -0.38 EUR
  Depenses:Banque:Frais                                0.38 EUR

2019-07-05 * "*FRAIS BOURSORAMA PROTEC. DUO +" ""
  source: "qif"
  Actif:Boursorama:CCJoint                            -3.50 EUR
  Depenses:Assurance:CB                                3.50 EUR

2019-07-08 * "CARTE 07/07/19 79 INTERMARCHE    CB*5969" ""
  source: "qif"
  Actif:Boursorama:CCJoint                            -9.08 EUR
  Depenses:Alimentaire:Epicerie                        9.08 EUR

2019-07-08 * "CHQ. N.8128292" ""
  source: "qif"
  Actif:Boursorama:CCJoint                           -15.00 EUR
  Depenses:Divers                                     15.00 EUR

2019-07-08 * "CARTE 05/07/19 33 MAILLE SOUPLE  CB*5969" ""
  source: "qif"
  Actif:Boursorama:CCJoint                           -39.78 EUR
  Depenses:Loisirs:Couture                            39.78 EUR

2019-07-08 * "CARTE 05/07/19 79 INTERMARCHE DA CB*5969" ""
  source: "qif"
  Actif:Boursorama:CCJoint                           -49.70 EUR
  Depenses:Alimentaire:Epicerie                       49.70 EUR

2019-07-10 * "VIR SEPA C.P.A.M. DE NIORT" ""
  source: "qif"
  Actif:Boursorama:CCJoint                            31.69 EUR
  Depenses:Sante                                     -31.69 EUR

2019-07-12 * "VIR SEPA HARMONIE MUTUELLE" ""
  source: "qif"
  Actif:Boursorama:CCJoint                            14.01 EUR
  Depenses:Sante                                     -14.01 EUR

2019-07-11 * "PRLV SEPA OGEC SAINT HILAIRE" ""
  source: "qif"
  Actif:Boursorama:CCJoint                          -285.70 EUR
  Depenses:Enfants:Scolarite                         285.70 EUR

2019-07-15 * "PRLV SEPA DIRECTION GENERALE DES FINANCE" ""
  source: "qif"
  Actif:Boursorama:CCJoint                           -96.00 EUR
  Depenses:Impots:TH                                  96.00 EUR

2019-07-15 * "PRLV SEPA DIRECTION GENERALE DES FINANCE" ""
  source: "qif"
  Actif:Boursorama:CCJoint                          -106.00 EUR
  Depenses:Impots:TF                                 106.00 EUR

2019-07-15 * "CARTE 13/07/19 85 AUX VERGERS    CB*5969" ""
  source: "qif"
  Actif:Boursorama:CCJoint                           -30.35 EUR
  Depenses:Alimentaire:Epicerie                       30.35 EUR

2019-07-23 * "CHQ. N.8128293" ""
  source: "qif"
  Actif:Boursorama:CCJoint                           -58.00 EUR
  Depenses:Sante                                      58.00 EUR

2019-07-15 * "RETRAIT DAB 13/07/19 NIORT       CB*5969" ""
  source: "qif"
  Actif:Boursorama:CCJoint                          -100.00 EUR
  Actif:Cash                                         100.00 EUR

2019-07-23 * "CARTE 22/07/19 21 BILLET WEEZEVE CB*5969" ""
  source: "qif"
  Actif:Boursorama:CCJoint                           -37.98 EUR
  Depenses:Loisirs:Culture                            37.98 EUR

2019-07-26 ! "ECH PRET:80280000606862232607" ""
  source: "qif"
  Actif:Boursorama:CCJoint                         -1082.26 EUR
  Passif:Boursorama:EmpruntRP                       1082.26 EUR

2019-07-26 * "PRLV SEPA Engie" ""
  source: "qif"
  Actif:Boursorama:CCJoint                           -87.06 EUR
  Depenses:Abo:Gaz                                    87.06 EUR

2019-07-29 * "PRLV SEPA ELECTRICITE DE FRANCE" ""
  source: "qif"
  Actif:Boursorama:CCJoint                          -112.62 EUR
  Depenses:Abo:Elec                                  112.62 EUR

2019-07-29 * "CARTE 28/07/19 ITUNES.COM/BILL   CB*5969" ""
  source: "qif"
  Actif:Boursorama:CCJoint                            -2.99 EUR
  Depenses:Abo:Apple                                   2.99 EUR

2019-08-01 * "Relev{ diff{r{ Carte 4979********1979" ""
  dateImport: "2019-08-19 20:54:29.366212"
  source: "qif"
  Actif:Boursorama:CCJoint                          -368.74 EUR
  Passif:Boursorama:CBJoint                          368.74 EUR

2019-08-01 * "VIR Contribution compte commun" ""
  dateImport: "2019-08-19 20:54:29.366492"
  source: "qif"
  Actif:Boursorama:CCJoint                           500.00 EUR
  Actif:Boursorama:CCAnna                           -500.00 EUR

2019-08-02 * "VIR Versement Mensuel TG" ""
  dateImport: "2019-08-19 20:54:29.366769"
  source: "qif"
  Actif:Boursorama:CCJoint                          1500.00 EUR
  Actif:Boursorama:CCTim                           -1500.00 EUR

2019-08-05 * "PRLV SEPA GMF ASSURANCES" ""
  dateImport: "2019-08-19 20:54:29.367089"
  source: "qif"
  Actif:Boursorama:CCJoint                           -86.18 EUR
    Depenses:Voitures:Assurance                          
    Depenses:Immobilier:Assurance                     51.81 EUR

2019-08-05 * "VIR SEPA CAF DES DEUX SEVRES" ""
  dateImport: "2019-08-19 20:54:29.367370"
  source: "qif"
  Actif:Boursorama:CCJoint                           131.55 EUR
  Revenus:CAF                                       -131.55 EUR

2019-08-06 * "PRLV SEPA FREE MOBILE" ""
  dateImport: "2019-08-19 20:54:29.367645"
  source: "qif"
  Actif:Boursorama:CCJoint                            -4.55 EUR
  Depenses:Abo:Telephone                               4.55 EUR

2019-08-07 * "*FRAIS BOURSORAMA PROTEC. DUO +" ""
  dateImport: "2019-08-19 20:54:29.367923"
  source: "qif"
  Actif:Boursorama:CCJoint                            -3.50 EUR
  Depenses:Assurance:CB                                3.50 EUR

2019-08-08 * "REM CHQ N. 1183403" ""
  dateImport: "2019-08-19 20:54:29.368203"
  source: "qif"
  Actif:Boursorama:CCJoint                           112.90 EUR
  Revenus:VentesAnna                                -112.90 EUR

2019-08-08 * "REM CHQ N. 2190584" ""
  dateImport: "2019-08-19 20:54:29.368477"
  source: "qif"
  Actif:Boursorama:CCJoint                            70.00 EUR
  Revenus:VentesAnna                                 -70.00 EUR

2019-08-16 * "PRLV SEPA DIRECTION GENERALE DES FINANCE" ""
  dateImport: "2019-08-19 20:54:29.368755"
  source: "qif"
  Actif:Boursorama:CCJoint                          -106.00 EUR
  Depenses:Impots:TH                                 106.00 EUR

2019-08-16 * "PRLV SEPA DIRECTION GENERALE DES FINANCE" ""
  dateImport: "2019-08-19 20:54:29.369034"
  source: "qif"
  Actif:Boursorama:CCJoint                           -96.00 EUR
  Depenses:Impots:TF                                  96.00 EUR

2019-08-19 balance  Actif:Boursorama:CCJoint         674.97 EUR



2016-02-15 * "VIR interne " "MLE ANNA TRINQUIER OU M GROS"
  document: "2016-02-29 Boursorama.pdf"
  source: "pdfbourso"
  Actif:Boursorama:LDDAnna                        -10531.08 EUR
  Actif:Boursorama:CCJoint

2013-08-26 * "VIR Versement initial LDD " "TRINQUIER"
  document: "2013-08-30 Boursorama.pdf"
  source: "pdfbourso"
  Actif:Boursorama:LDDJoint                           10.00 EUR
  Actif:Boursorama:CCJoint

2013-08-28 * "VIR tt " "TRINQUIER"
  document: "2013-08-30 Boursorama.pdf"
  source: "pdfbourso"
  Actif:Boursorama:LDDJoint                         5700.00 EUR
  Actif:BanquePostale:LAJoint

2013-09-16 * "VIR nnnnn " "COMPTE JOINT"
  document: "2013-09-30 Boursorama.pdf"
  source: "pdfbourso"
  Actif:Boursorama:LDDJoint                       -11000.00 EUR
  Actif:Boursorama:CCJoint

2014-06-18 * "VIR interne " "MLE ANNA TRINQUIER OU M GROS"
  document: "2014-06-30 Boursorama.pdf"
  source: "pdfbourso"
  Actif:Boursorama:LDDJoint                         -600.00 EUR
  Actif:Boursorama:CCJoint

2014-06-23 * "VIR SEPA GROS Adelaide " "Cadeau de noel"
  document: "2014-06-30 Boursorama.pdf"
  source: "pdfbourso"
  Actif:Boursorama:LDDJoint                          -49.50 EUR
  Depenses:Cadeaux

2014-08-07 * "VIR interne " "MLE ANNA TRINQUIER OU M GROS"
  document: "2014-08-29 Boursorama.pdf"
  source: "pdfbourso"
  Actif:Boursorama:LDDJoint                         -600.00 EUR
  Actif:Boursorama:CCJoint

2015-03-27 * "VIR interne " "MLE ANNA TRINQUIER OU M GROS"
  document: "2015-04-02 Boursorama.pdf"
  source: "pdfbourso"
  Actif:Boursorama:LDDJoint                        -1000.00 EUR
  Actif:Boursorama:CCJoint

2015-06-12 * "VIR interne " "MLE ANNA TRINQUIER OU M GROS"
  document: "2015-06-30 Boursorama.pdf"
  source: "pdfbourso"
  Actif:Boursorama:LDDJoint                         -500.00 EUR
  Actif:Boursorama:CCJoint

2015-06-30 * "VIR VIREMENT CREATION COMPTE " "M GROS FELICIEN"
  document: "2015-06-30 Boursorama.pdf"
  source: "pdfbourso"
  Actif:Boursorama:LDDJoint                          -10.00 EUR
  Depenses:Cadeaux

2017-12-18 * "VIR Paiement plancher " "MLE ANNA TRINQUIER OU M GROS"
  document: "2017-12-29 Boursorama.pdf"
  source: "pdfbourso"
  Actif:Boursorama:LDDJoint                        -2000.00 EUR
  Actif:Boursorama:CCJoint

2018-02-26 * "VIR travaux " "MLE ANNA TRINQUIER OU M GROS"
  document: "2018-02-28 Boursorama.pdf"
  source: "pdfbourso"
  Actif:Boursorama:LDDJoint                         -400.00 EUR
  Actif:Boursorama:CCJoint

1981-02-07 custom "fava-option" "insert-entry" "Actif:Boursorama:CCJoint"

*** CCAnna


; L'historique du CC Anna LBP est simplifié.
2000-09-01 open Actif:BanquePostale:CCAnna                 EUR
2000-10-01 pad  Actif:BanquePostale:CCAnna  Equity:Opening-Balances

2013-08-31 balance Actif:BanquePostale:CCAnna             0 EUR
2013-09-30 close Actif:BanquePostale:CCAnna



2013-09-13 open Actif:Boursorama:CCAnna                     EUR
  account: "00040239557"
2013-09-14 pad  Actif:Boursorama:CCAnna  Equity:Opening-Balances
;2019-08-19 balance  Actif:Boursorama:CCAnna          882.74 EUR

2019-01-02 * "VIR Contribution compte commun" ""
  source: "qif"
  Actif:Boursorama:CCJoint                           500.00 EUR
  Actif:Boursorama:CCAnna                           -500.00 EUR

2019-02-01 * "VIR Contribution compte commun" ""
  source: "qif"
  Actif:Boursorama:CCJoint                           500.00 EUR
  Actif:Boursorama:CCAnna                           -500.00 EUR

2019-03-01 * "VIR Contribution compte commun" ""
  source: "qif"
  Actif:Boursorama:CCJoint                           500.00 EUR
  Actif:Boursorama:CCAnna                           -500.00 EUR

2019-04-01 * "VIR Contribution compte commun" ""
  source: "qif"
  Actif:Boursorama:CCJoint                           500.00 EUR
  Actif:Boursorama:CCAnna                           -500.00 EUR

2019-04-26 * "VIR Virement interne depuis COMPTE P" ""
  source: "qif"
  Actif:Boursorama:CCJoint                           500.00 EUR
  Actif:Boursorama:CCAnna                           -500.00 EUR

2019-05-02 * "VIR Contribution compte commun" ""
  source: "qif"
  Actif:Boursorama:CCJoint                           500.00 EUR
  Actif:Boursorama:CCAnna                           -500.00 EUR

2019-05-28 * "VIR Vir. de Compte bancaire vers Com" ""
  source: "qif"
  Actif:Boursorama:CCJoint                           400.00 EUR
  Actif:Boursorama:CCAnna                           -400.00 EUR

2017-12-29 balance Actif:Boursorama:CCAnna          2490.71 EUR
  document: "2018-01-31 Boursorama.pdf"
  source: "pdfbourso"

2018-01-02 * "VIR Contribution compte commun " "MLE ANNA TRINQUIER OU M GROS"
  document: "2018-01-31 Boursorama.pdf"
  source: "pdfbourso"
  Actif:Boursorama:CCJoint
  Actif:Boursorama:CCAnna                           -500.00 EUR

;2018-01-02 * "VIR Epargne CEL " "GROS ANNA"
;  document: "2018-01-31 Boursorama.pdf"
;  source: "pdfbourso"
;  Actif:Boursorama:CELAnna
;  Actif:Boursorama:CCAnna                           -100.00 EUR

2018-01-03 * "PAIEMENT CARTE 29122017 79 CHIC DEPOT " ""
  document: "2018-01-31 Boursorama.pdf"
  source: "pdfbourso"
  Depenses:Habillement
  Actif:Boursorama:CCAnna                           -100.00 EUR

2018-01-03 * "PAIEMENT CARTE 31122017 79 E LECLERC " ""
  document: "2018-01-31 Boursorama.pdf"
  source: "pdfbourso"
  Depenses:Alimentaire:Epicerie
  Actif:Boursorama:CCAnna                            -22.53 EUR

2018-01-03 ! "PAIEMENT CARTE 02012018 79 PISC CHAMPOMM " ""
  document: "2018-01-31 Boursorama.pdf"
  source: "pdfbourso"
  Depenses:Loisirs:Billeterie
  Actif:Boursorama:CCAnna                             -7.10 EUR

2018-01-09 * "PRLV SEPA TRES. HOSPITALIERE SUD DEUX-SE " "Repas restaurant"
  document: "2018-01-31 Boursorama.pdf"
  source: "pdfbourso"
  Depenses:Alimentaire:Restaurant
  Actif:Boursorama:CCAnna                             -9.14 EUR

2018-01-09 * "RETRAIT DAB 05012018 CHABRIERES CB*6471 " "79"
  document: "2018-01-31 Boursorama.pdf"
  source: "pdfbourso"
  Actif:Cash
  Actif:Boursorama:CCAnna                            -40.00 EUR

2018-01-09 * "PAIEMENT CARTE 06012018 79 PETIT CA " ""
  document: "2018-01-31 Boursorama.pdf"
  source: "pdfbourso"
  Depenses:Habillement
  Actif:Boursorama:CCAnna                            -15.00 EUR

2018-01-09 * "PAIEMENT CARTE 06012018 79 D8281 " ""
  document: "2018-01-31 Boursorama.pdf"
  source: "pdfbourso"
  Depenses:Alimentaire:Epicerie
  Actif:Boursorama:CCAnna                            -12.97 EUR

2018-01-09 * "PAIEMENT CARTE 06012018 79 CALZEDONIA " ""
  document: "2018-01-31 Boursorama.pdf"
  source: "pdfbourso"
  Depenses:Habillement
  Actif:Boursorama:CCAnna                            -10.60 EUR

2018-01-09 * "PAIEMENT CARTE 06012018 79 PHARM DE PARI " ""
  document: "2018-01-31 Boursorama.pdf"
  source: "pdfbourso"
  Depenses:Sante
  Actif:Boursorama:CCAnna                            -18.45 EUR

2018-01-10 * "PRLV SEPA GENERALI VIE SA " ".123149483/9921/51519425"
  document: "2018-01-31 Boursorama.pdf"
  source: "pdfbourso"
  Actif:Boursorama:AVAnna2
  Actif:Boursorama:CCAnna                            -50.00 EUR

2018-01-11 * "PAIEMENT CARTE 10012018 79 PETIT CA " ""
  document: "2018-01-31 Boursorama.pdf"
  source: "pdfbourso"
  Depenses:Habillement
  Actif:Boursorama:CCAnna                            -28.50 EUR

2018-01-11 * "PAIEMENT CARTE 10012018 79 EURODIF " ""
  document: "2018-01-31 Boursorama.pdf"
  source: "pdfbourso"
  Depenses:Loisirs:Couture
  Actif:Boursorama:CCAnna                            -17.98 EUR

2018-01-12 * "PAIEMENT CARTE 10012018 79 H&M238 " ""
  document: "2018-01-31 Boursorama.pdf"
  source: "pdfbourso"
  Depenses:Habillement
  Actif:Boursorama:CCAnna                            -41.92 EUR

2018-01-15 * "PAIEMENT CARTE 12012018 75 WEARLEMONADE " ""
  document: "2018-01-31 Boursorama.pdf"
  source: "pdfbourso"
  Depenses:Habillement
  Actif:Boursorama:CCAnna                             -7.90 EUR

2018-01-15 * "PAIEMENT CARTE 13012018 79 MAX MUSIQUE " ""
  document: "2018-01-31 Boursorama.pdf"
  source: "pdfbourso"
  Depenses:Enfants:Loisirs
  Actif:Boursorama:CCAnna                            -35.00 EUR

2018-01-16 ! "CHQ. N.6378019 " ""
  document: "2018-01-31 Boursorama.pdf"
  source: "pdfbourso"
  Depenses:A-CLASSER
  Actif:Boursorama:CCAnna                           -109.00 EUR

2018-01-18 ! "PAIEMENT CARTE 17012018 13 BEAUTE PRIVEE " ""
  document: "2018-01-31 Boursorama.pdf"
  source: "pdfbourso"
  Depenses:A-CLASSER
  Actif:Boursorama:CCAnna                            -68.50 EUR

2018-01-18 * "PAIEMENT CARTE 17012018 WEIGHTWATCHERS " ""
  document: "2018-01-31 Boursorama.pdf"
  source: "pdfbourso"
  Depenses:Sante
  Actif:Boursorama:CCAnna                            -20.00 EUR

2018-01-22 * "PRLV SEPA Bouygues Telecom " "Lignes mobiles"
  document: "2018-01-31 Boursorama.pdf"
  source: "pdfbourso"
  Depenses:Abo:Telephone
  Actif:Boursorama:CCAnna                            -19.99 EUR

2018-01-22 * "PAIEMENT CARTE 19012018 79 TAO NIORT " ""
  document: "2018-01-31 Boursorama.pdf"
  source: "pdfbourso"
  Depenses:Habillement
  Actif:Boursorama:CCAnna                            -93.27 EUR

2018-01-22 * "PAIEMENT CARTE 20012018 79 DECATHLON 009 " ""
  document: "2018-01-31 Boursorama.pdf"
  source: "pdfbourso"
  Depenses:Habillement
  Actif:Boursorama:CCAnna                            -74.45 EUR

2018-01-22 * "PAIEMENT CARTE 20012018 79 SA SONIAL " ""
  document: "2018-01-31 Boursorama.pdf"
  source: "pdfbourso"
  Depenses:Voitures:Carburant
  Actif:Boursorama:CCAnna                            -54.40 EUR

2018-01-24 ! "CHQ. N.6378020 " ""
  document: "2018-01-31 Boursorama.pdf"
  source: "pdfbourso"
  Depenses:A-CLASSER
  Actif:Boursorama:CCAnna                            -46.70 EUR

2018-01-25 * "VIR SEPA TRESORERIE HOSP DU SUD DEUX SEV " "PAYE DU MOIS 01/18CH NIORT PA"
  document: "2018-01-31 Boursorama.pdf"
  source: "pdfbourso"
  Revenus:Salaires:CHNiort
  Actif:Boursorama:CCAnna                           2656.79 EUR

2018-01-25 * "PAIEMENT CARTE 24012018 79 EURODIF " ""
  document: "2018-01-31 Boursorama.pdf"
  source: "pdfbourso"
  Depenses:Loisirs:Couture
  Actif:Boursorama:CCAnna                            -25.84 EUR

2018-01-25 * "PAIEMENT CARTE 24012018 IE ITUNES.COM/BI " "0,99 EUR"
  document: "2018-01-31 Boursorama.pdf"
  source: "pdfbourso"
  Depenses:Abo:Apple
  Actif:Boursorama:CCAnna                             -0.99 EUR

2018-01-29 * "RETRAIT DAB 26012018 NIORT CB*6471 " "79"
  document: "2018-01-31 Boursorama.pdf"
  source: "pdfbourso"
  Actif:Cash
  Actif:Boursorama:CCAnna                            -50.00 EUR

2018-01-03 * "PAIEMENT CARTE 02012018 79 SA SONIAL " ""
  document: "2018-01-31 Boursorama.pdf"
  source: "pdfbourso"
  Depenses:Voitures:Carburant
  Actif:Boursorama:CCAnna                            -47.07 EUR

2018-01-29 * "PAIEMENT CARTE 25012018 79 READY MADE " ""
  document: "2018-01-31 Boursorama.pdf"
  source: "pdfbourso"
  Depenses:Alimentaire:Restaurant
  Actif:Boursorama:CCAnna                            -22.50 EUR

2018-01-29 * "PAIEMENT CARTE 26012018 79 PHARM DE PARI " ""
  document: "2018-01-31 Boursorama.pdf"
  source: "pdfbourso"
  Depenses:Sante
  Actif:Boursorama:CCAnna                             -6.95 EUR

2018-01-29 * "PAIEMENT CARTE 26012018 79 PHARM DE PARI " ""
  document: "2018-01-31 Boursorama.pdf"
  source: "pdfbourso"
  Depenses:Sante
  Actif:Boursorama:CCAnna                             -7.95 EUR

2018-01-29 * "PAIEMENT CARTE 27012018 79 INTERMARCHE " ""
  document: "2018-01-31 Boursorama.pdf"
  source: "pdfbourso"
  Depenses:Sante
  Actif:Boursorama:CCAnna                            -18.86 EUR

2018-01-31 balance Actif:Boursorama:CCAnna          3463.94 EUR
  document: "2018-02-28 Boursorama.pdf"
  source: "pdfbourso"

2018-02-01 * "VIR Contribution compte commun " "MLE ANNA TRINQUIER OU M GROS"
  document: "2018-02-28 Boursorama.pdf"
  source: "pdfbourso"
  Actif:Boursorama:CCJoint
  Actif:Boursorama:CCAnna                           -500.00 EUR

2018-02-01 * "VIR Epargne CEL " "GROS ANNA"
  document: "2018-02-28 Boursorama.pdf"
  source: "pdfbourso"
  Actif:Boursorama:CELAnna
  Actif:Boursorama:CCAnna                           -100.00 EUR

2018-02-05 * "PAIEMENT CARTE 03022018 79 TAO NIORT " ""
  document: "2018-02-28 Boursorama.pdf"
  source: "pdfbourso"
  Depenses:Habillement
  Actif:Boursorama:CCAnna                            -13.15 EUR

2018-02-06 * "PAIEMENT CARTE 03022018 79 GL NIORT " ""
  document: "2018-02-28 Boursorama.pdf"
  source: "pdfbourso"
  Depenses:Habillement
  Actif:Boursorama:CCAnna                            -26.80 EUR

2018-02-06 * "PAIEMENT CARTE 03022018 79 GL NIORT " ""
  document: "2018-02-28 Boursorama.pdf"
  source: "pdfbourso"
  Depenses:Habillement
  Actif:Boursorama:CCAnna                            -37.50 EUR

2018-02-06 * "PAIEMENT CARTE 03022018 79 TISSUS DU REN " ""
  document: "2018-02-28 Boursorama.pdf"
  source: "pdfbourso"
  Depenses:Loisirs:Couture
  Actif:Boursorama:CCAnna                            -73.59 EUR

2018-02-06 * "PAIEMENT CARTE 03022018 79 GLAMOUR " ""
  document: "2018-02-28 Boursorama.pdf"
  source: "pdfbourso"
  Depenses:Habillement
  Actif:Boursorama:CCAnna                            -34.00 EUR

2018-02-07 * "VIR SEPA SCP GODARD PH ET C\" " "A MME ANNA GROS - SOLDE DE CPTE VS RE"
  document: "2018-02-28 Boursorama.pdf"
  source: "pdfbourso"
  Revenus:Cerises
  Actif:Boursorama:CCAnna                             13.02 EUR

2018-02-07 * "PAIEMENT CARTE 03022018 79 LA LIBRAIRIE " ""
  document: "2018-02-28 Boursorama.pdf"
  source: "pdfbourso"
  Depenses:Loisirs:Culture
  Actif:Boursorama:CCAnna                            -39.42 EUR

2018-02-08 * "PAIEMENT CARTE 07022018 75 LES COUPONS D " ""
  document: "2018-02-28 Boursorama.pdf"
  source: "pdfbourso"
  Depenses:Loisirs:Couture
  Actif:Boursorama:CCAnna                            -73.99 EUR

2018-02-08 * "PAIEMENT CARTE 07022018 79 LA LIBRAIRIE " ""
  document: "2018-02-28 Boursorama.pdf"
  source: "pdfbourso"
  Depenses:Loisirs:Culture
  Actif:Boursorama:CCAnna                             -7.40 EUR

2018-02-12 * "PRLV SEPA GENERALI VIE SA " ".124438498/9921/51519425"
  document: "2018-02-28 Boursorama.pdf"
  source: "pdfbourso"
  Actif:Boursorama:AVAnna2
  Actif:Boursorama:CCAnna                            -50.00 EUR

2018-02-12 * " PAIEMENT CARTE 10022018 79 SARL STUART " ""
  document: "2018-02-28 Boursorama.pdf"
  source: "pdfbourso"
  Depenses:Habillement
  Actif:Boursorama:CCAnna                            -40.00 EUR

2018-02-12 * " PAIEMENT CARTE 10022018 79 GRAFYCK " ""
  document: "2018-02-28 Boursorama.pdf"
  source: "pdfbourso"
  Depenses:Habillement
  Actif:Boursorama:CCAnna                           -219.00 EUR

2018-02-13 * " PAIEMENT CARTE 12022018 75 WEARLEMONADE " ""
  document: "2018-02-28 Boursorama.pdf"
  source: "pdfbourso"
  Depenses:Habillement
  Actif:Boursorama:CCAnna                             -7.90 EUR

2018-02-14 * " PRLV SEPA TRES. HOSPITALIERE SUD DEUX-SE " "Repas restaurant"
  document: "2018-02-28 Boursorama.pdf"
  source: "pdfbourso"
  Depenses:Alimentaire:Restaurant
  Actif:Boursorama:CCAnna                            -10.96 EUR

2018-02-06 * "CHQ. N.6378022 " ""
  document: "2018-02-28 Boursorama.pdf"
  source: "pdfbourso"
  Depenses:A-CLASSER
  Actif:Boursorama:CCAnna                            -46.70 EUR

2018-02-14 * " CHQ. N.6378023 " ""
  document: "2018-02-28 Boursorama.pdf"
  source: "pdfbourso"
  Depenses:A-CLASSER
  Actif:Boursorama:CCAnna                            -13.21 EUR

2018-02-14 * " PAIEMENT CARTE 13022018 79 DECATHLON 009 " ""
  document: "2018-02-28 Boursorama.pdf"
  source: "pdfbourso"
  Depenses:Habillement
  Actif:Boursorama:CCAnna                            -21.96 EUR

2018-02-14 * " PAIEMENT CARTE 13022018 79 SUPER U " ""
  document: "2018-02-28 Boursorama.pdf"
  source: "pdfbourso"
  Depenses:Alimentaire:Epicerie
  Actif:Boursorama:CCAnna                            -14.12 EUR

2018-02-15 * " CARTE 13022018 79 PICARD SA 282 CB*6471 " ""
  document: "2018-02-28 Boursorama.pdf"
  source: "pdfbourso"
  Depenses:Alimentaire:Epicerie
  Actif:Boursorama:CCAnna                             -8.36 EUR

2018-02-15 * " CARTE 14022018 79 H&M148 CB*6471 " ""
  document: "2018-02-28 Boursorama.pdf"
  source: "pdfbourso"
  Depenses:Habillement
  Actif:Boursorama:CCAnna                            -15.96 EUR

2018-02-16 * " CARTE 15022018 79 LE P'TIT ROUQU CB*6471 " ""
  document: "2018-02-28 Boursorama.pdf"
  source: "pdfbourso"
  Depenses:Alimentaire:Restaurant
  Actif:Boursorama:CCAnna                            -45.64 EUR

2018-02-19 * " CARTE 17022018 33 PAULIN, PAULIN CB*6471 " ""
  document: "2018-02-28 Boursorama.pdf"
  source: "pdfbourso"
  Depenses:Cadeaux
  Actif:Boursorama:CCAnna                            -12.45 EUR

2018-02-19 * " CARTE 17022018 33 ARSENE ET LES CB*6471 " ""
  document: "2018-02-28 Boursorama.pdf"
  source: "pdfbourso"
  Depenses:Habillement
  Actif:Boursorama:CCAnna                            -28.50 EUR

2018-02-19 * " CARTE 17022018 33 MAILLE SOUPLE CB*6471 " ""
  document: "2018-02-28 Boursorama.pdf"
  source: "pdfbourso"
  Depenses:Loisirs:Couture
  Actif:Boursorama:CCAnna                            -12.50 EUR

2018-02-19 * " CARTE 17022018 91 RELAIS FNAC CB*6471 " ""
  document: "2018-02-28 Boursorama.pdf"
  source: "pdfbourso"
  Depenses:Loisirs:Culture
  Actif:Boursorama:CCAnna                             -5.30 EUR

2018-02-14 * " PAIEMENT CARTE 13022018 79 GREEN AVENUE " ""
  document: "2018-02-28 Boursorama.pdf"
  source: "pdfbourso"
  Depenses:Alimentaire:Restaurant
  Actif:Boursorama:CCAnna                            -10.90 EUR

2018-02-19 * " CARTE 17022018 33 LOLITA N?5 CB*6471 " ""
  document: "2018-02-28 Boursorama.pdf"
  source: "pdfbourso"
  Depenses:Habillement
  Actif:Boursorama:CCAnna                            -42.50 EUR

2018-02-20 * " PRLV SEPA Bouygues Telecom " "Lignes mobiles"
  document: "2018-02-28 Boursorama.pdf"
  source: "pdfbourso"
  Depenses:Abo:Telephone
  Actif:Boursorama:CCAnna                            -19.99 EUR

2018-02-22 * "CHQ. N.6378024 " ""
  document: "2018-02-28 Boursorama.pdf"
  source: "pdfbourso"
  Depenses:A-CLASSER
  Actif:Boursorama:CCAnna                            -46.70 EUR

2018-02-26 * "VIR SEPA TRESORERIE HOSP DU SUD DEUX SEV " "PAYE DU MOIS 02/18CH NIORT PA"
  document: "2018-02-28 Boursorama.pdf"
  source: "pdfbourso"
  Revenus:Salaires:CHNiort
  Actif:Boursorama:CCAnna                           1561.13 EUR

2018-02-26 * "CARTE 24022018 79 INTERMARCHE CB*6471 " ""
  document: "2018-02-28 Boursorama.pdf"
  source: "pdfbourso"
  Depenses:Alimentaire:Epicerie
  Actif:Boursorama:CCAnna                            -29.13 EUR

2018-02-26 * "CARTE 23022018 IE ITUNES.COM/BIL CB*6471 " ""
  document: "2018-02-28 Boursorama.pdf"
  source: "pdfbourso"
  Depenses:Abo:Apple
  Actif:Boursorama:CCAnna                             -0.99 EUR

2018-02-27 * "CARTE 25022018 75 CYRILLUS.FR CB*6471 " ""
  document: "2018-02-28 Boursorama.pdf"
  source: "pdfbourso"
  Depenses:Habillement
  Actif:Boursorama:CCAnna                           -122.00 EUR

2018-02-28 * "VIR SEPA E-CIE VIE " "Rachat partiel 72h"
  document: "2018-02-28 Boursorama.pdf"
  source: "pdfbourso"
  Actif:Boursorama:AVAnna1
  Actif:Boursorama:CCAnna                           2000.00 EUR

2018-02-28 * "CARTE 27022018 79 PHARM DE PARIS CB*6471 " ""
  document: "2018-02-28 Boursorama.pdf"
  source: "pdfbourso"
  Depenses:Sante
  Actif:Boursorama:CCAnna                            -11.59 EUR

2018-02-20 * "CHQ. N.6378021 " ""
  document: "2018-02-28 Boursorama.pdf"
  source: "pdfbourso"
  Depenses:A-CLASSER
  Actif:Boursorama:CCAnna                            -46.00 EUR

2018-03-01 balance Actif:Boursorama:CCAnna          5249.88 EUR
  document: "2018-03-29 Boursorama.pdf"
  source: "pdfbourso"

2018-03-01 * "VIR Contribution compte commun " "MLE ANNA TRINQUIER OU M GROS"
  document: "2018-03-29 Boursorama.pdf"
  source: "pdfbourso"
  Actif:Boursorama:CCJoint
  Actif:Boursorama:CCAnna                           -500.00 EUR

2018-03-01 * "VIR Epargne CEL " "GROS ANNA"
  document: "2018-03-29 Boursorama.pdf"
  source: "pdfbourso"
  Actif:Boursorama:CELAnna
  Actif:Boursorama:CCAnna                           -100.00 EUR

2018-03-01 * "CARTE 28022018 79 BAR DU PALAIS CB*6471 " ""
  document: "2018-03-29 Boursorama.pdf"
  source: "pdfbourso"
  Depenses:Alimentaire:Restaurant
  Actif:Boursorama:CCAnna                            -14.10 EUR

2018-03-02 * "VIR travaux " "MLE ANNA TRINQUIER OU M GROS"
  document: "2018-03-29 Boursorama.pdf"
  source: "pdfbourso"
  Actif:Boursorama:CCJoint
  Actif:Boursorama:CCAnna                          -2400.00 EUR

2018-03-05 * "CARTE 03032018 79 TISSUS DU RENA CB*6471 " ""
  document: "2018-03-29 Boursorama.pdf"
  source: "pdfbourso"
  Depenses:Loisirs:Couture
  Actif:Boursorama:CCAnna                            -27.75 EUR

2018-03-01 * "CARTE 28022018 79 TROC BOUT CHOU CB*6471 " ""
  document: "2018-03-29 Boursorama.pdf"
  source: "pdfbourso"
  Depenses:Habillement
  Actif:Boursorama:CCAnna                            -15.00 EUR

2018-03-26 * "CARTE 24032018 93 VENTE-PRIVEE CB*6471 " ""
  document: "2018-03-29 Boursorama.pdf"
  source: "pdfbourso"
  Depenses:Habillement
  Actif:Boursorama:CCAnna                            -76.40 EUR

2018-03-26 * "CARTE 24032018 79 MANOUE LILIE CB*6471 " ""
  document: "2018-03-29 Boursorama.pdf"
  source: "pdfbourso"
  Depenses:Habillement
  Actif:Boursorama:CCAnna                            -50.00 EUR

2018-03-08 * "RETRAIT DAB 07032018 NIORT CB*6471 " "79"
  document: "2018-03-29 Boursorama.pdf"
  source: "pdfbourso"
  Actif:Cash
  Actif:Boursorama:CCAnna                            -50.00 EUR

2018-03-13 * "PRLV SEPA GENERALI VIE SA " ".125045247/9921/51519425"
  document: "2018-03-29 Boursorama.pdf"
  source: "pdfbourso"
  Actif:Boursorama:AVAnna2
  Actif:Boursorama:CCAnna                            -50.00 EUR

2018-03-13 * "CARTE 10032018 79 H&M238 CB*6471 " ""
  document: "2018-03-29 Boursorama.pdf"
  source: "pdfbourso"
  Depenses:Habillement
  Actif:Boursorama:CCAnna                            -25.97 EUR

2018-03-13 * "CARTE 09032018 79 SARL JOHANY CB*6471 " ""
  document: "2018-03-29 Boursorama.pdf"
  source: "pdfbourso"
  Depenses:Loisirs:Culture
  Actif:Boursorama:CCAnna                            -15.49 EUR

2018-03-13 * "CARTE 12032018 75 WEARLEMONADE CB*6471 " ""
  document: "2018-03-29 Boursorama.pdf"
  source: "pdfbourso"
  Depenses:Habillement
  Actif:Boursorama:CCAnna                             -7.90 EUR

2018-03-15 * "CARTE 14032018 44 HENRY ET HENRI CB*6471 " ""
  document: "2018-03-29 Boursorama.pdf"
  source: "pdfbourso"
  Depenses:Loisirs:Couture
  Actif:Boursorama:CCAnna                            -88.70 EUR

2018-03-16 * "CARTE 15032018 79 LA VILLA CB*6471 " ""
  document: "2018-03-29 Boursorama.pdf"
  source: "pdfbourso"
  Depenses:Alimentaire:Restaurant
  Actif:Boursorama:CCAnna                            -27.50 EUR

2018-03-20 * "PRLV SEPA Bouygues Telecom " "Lignes mobiles"
  document: "2018-03-29 Boursorama.pdf"
  source: "pdfbourso"
  Depenses:Abo:Telephone
  Actif:Boursorama:CCAnna                            -20.63 EUR

2018-03-21 * "RETRAIT DAB 20032018 NIORT CB*6471 " "79"
  document: "2018-03-29 Boursorama.pdf"
  source: "pdfbourso"
  Actif:Cash
  Actif:Boursorama:CCAnna                            -30.00 EUR

2018-03-21 * "CARTE 20032018 79 PROMOD CB*6471 " ""
  document: "2018-03-29 Boursorama.pdf"
  source: "pdfbourso"
  Depenses:Habillement
  Actif:Boursorama:CCAnna                            -25.97 EUR

2018-03-22 * "CHQ. N.6378026 " ""
  document: "2018-03-29 Boursorama.pdf"
  source: "pdfbourso"
  Depenses:A-CLASSER
  Actif:Boursorama:CCAnna                            -46.70 EUR

2018-03-26 * "VIR SEPA TRESORERIE HOSP DU SUD DEUX SEV " "PAYE DU MOIS 03/18CH NIORT PA"
  document: "2018-03-29 Boursorama.pdf"
  source: "pdfbourso"
  Revenus:Salaires:CHNiort
  Actif:Boursorama:CCAnna                           1422.73 EUR

2018-03-26 * "CARTE 23032018 79 TISSUS DU RENA CB*6471 " ""
  document: "2018-03-29 Boursorama.pdf"
  source: "pdfbourso"
  Depenses:Loisirs:Couture
  Actif:Boursorama:CCAnna                            -12.00 EUR

2018-03-26 * "CARTE 24032018 93 VENTE-PRIVEE CB*6471 " ""
  document: "2018-03-29 Boursorama.pdf"
  source: "pdfbourso"
  Depenses:Habillement
  Actif:Boursorama:CCAnna                           -113.40 EUR

2018-03-16 * "PRLV SEPA TRES. HOSPITALIERE SUD DEUX-SE " "Repas restaurant"
  document: "2018-03-29 Boursorama.pdf"
  source: "pdfbourso"
  Depenses:Alimentaire:Restaurant
  Actif:Boursorama:CCAnna                             -4.52 EUR

2018-03-26 * "CARTE 23032018 IE ITUNES.COM/BIL CB*6471 " ""
  document: "2018-03-29 Boursorama.pdf"
  source: "pdfbourso"
  Depenses:Abo:Apple
  Actif:Boursorama:CCAnna                             -0.99 EUR

2018-03-28 * "CARTE 27032018 79 HANGAR 21 CB*6471 " ""
  document: "2018-03-29 Boursorama.pdf"
  source: "pdfbourso"
  Depenses:Alimentaire:Restaurant
  Actif:Boursorama:CCAnna                            -29.80 EUR

2018-03-29 balance Actif:Boursorama:CCAnna          2939.78 EUR
  document: "2018-04-30 Boursorama.pdf"
  source: "pdfbourso"

2018-04-03 * "VIR SEPA TRESORERIE SAINT MAIXENT L'ECOL " "FACTURE DU 07/03/18Devis et contratSA"
  document: "2018-04-30 Boursorama.pdf"
  source: "pdfbourso"
  Revenus:Salaires:Formations
  Actif:Boursorama:CCAnna                            102.58 EUR

2018-04-03 * "VIR complement decouvert " "MLE ANNA TRINQUIER OU M GROS"
  document: "2018-04-30 Boursorama.pdf"
  source: "pdfbourso"
  Actif:Boursorama:CCJoint
  Actif:Boursorama:CCAnna                           -500.00 EUR

2018-04-03 * "VIR Contribution compte commun " "MLE ANNA TRINQUIER OU M GROS"
  document: "2018-04-30 Boursorama.pdf"
  source: "pdfbourso"
  Actif:Boursorama:CCJoint
  Actif:Boursorama:CCAnna                           -500.00 EUR

2018-04-03 * "VIR Epargne CEL " "GROS ANNA"
  document: "2018-04-30 Boursorama.pdf"
  source: "pdfbourso"
  Actif:Boursorama:CELAnna
  Actif:Boursorama:CCAnna                           -100.00 EUR

2018-04-04 * "CHQ. N.6378027 " ""
  document: "2018-04-30 Boursorama.pdf"
  source: "pdfbourso"
  Depenses:A-CLASSER
  Actif:Boursorama:CCAnna                            -46.70 EUR

2018-04-05 * "CARTE 30032018 79 LE LIMOGES CB*6471 " ""
  document: "2018-04-30 Boursorama.pdf"
  source: "pdfbourso"
  Depenses:Alimentaire:Restaurant
  Actif:Boursorama:CCAnna                            -16.40 EUR

2018-04-06 * "CHQ. N.6378033 " ""
  document: "2018-04-30 Boursorama.pdf"
  source: "pdfbourso"
  Depenses:A-CLASSER
  Actif:Boursorama:CCAnna                            -14.00 EUR

2018-04-09 * "CARTE 07042018 85 3 SOEURS SABLE CB*6471 " ""
  document: "2018-04-30 Boursorama.pdf"
  source: "pdfbourso"
  Depenses:Alimentaire:Restaurant
  Actif:Boursorama:CCAnna                            -39.99 EUR

2018-04-05 * "CHQ. N.6378031 " ""
  document: "2018-04-30 Boursorama.pdf"
  source: "pdfbourso"
  Depenses:A-CLASSER
  Actif:Boursorama:CCAnna                            -70.30 EUR

2018-04-09 * "CARTE 07042018 85 BUTTERFLY CB*6471 " ""
  document: "2018-04-30 Boursorama.pdf"
  source: "pdfbourso"
  Depenses:Habillement
  Actif:Boursorama:CCAnna                            -79.00 EUR

2018-04-09 * "CARTE 07042018 84 AUTOROUTE DU S CB*6471 " ""
  document: "2018-04-30 Boursorama.pdf"
  source: "pdfbourso"
  Depenses:Voitures:Peages
  Actif:Boursorama:CCAnna                            -11.20 EUR

2018-04-09 * "CARTE 07042018 85 CESAR ET ROSAL CB*6471 " ""
  document: "2018-04-30 Boursorama.pdf"
  source: "pdfbourso"
  Depenses:Habillement
  Actif:Boursorama:CCAnna                            -29.40 EUR

2018-04-10 * "PRLV SEPA TRES. HOSPITALIERE SUD DEUX-SE " "Repas restaurant"
  document: "2018-04-30 Boursorama.pdf"
  source: "pdfbourso"
  Depenses:Alimentaire:Restaurant
  Actif:Boursorama:CCAnna                             -9.86 EUR

2018-04-10 * "CHQ. N.6378028 " ""
  document: "2018-04-30 Boursorama.pdf"
  source: "pdfbourso"
  Depenses:A-CLASSER
  Actif:Boursorama:CCAnna                             -7.80 EUR

2018-04-10 * "CHQ. N.6378032 " ""
  document: "2018-04-30 Boursorama.pdf"
  source: "pdfbourso"
  Depenses:A-CLASSER
  Actif:Boursorama:CCAnna                            -90.90 EUR

2018-04-11 * "CARTE 10042018 79 OXYGEN CB*6471 " ""
  document: "2018-04-30 Boursorama.pdf"
  source: "pdfbourso"
  Depenses:Coiffeur
  Actif:Boursorama:CCAnna                            -33.00 EUR

2018-04-12 * "CARTE 11042018 79 BESSON CHAUSSU CB*6471 " ""
  document: "2018-04-30 Boursorama.pdf"
  source: "pdfbourso"
  Depenses:Habillement
  Actif:Boursorama:CCAnna                            -36.00 EUR

2018-04-16 * "CARTE 12042018 75 WEARLEMONADE CB*6471 " ""
  document: "2018-04-30 Boursorama.pdf"
  source: "pdfbourso"
  Depenses:Habillement
  Actif:Boursorama:CCAnna                             -7.90 EUR

2018-04-16 * "CARTE 14042018 79 LA BELLE ETOIL CB*6471 " ""
  document: "2018-04-30 Boursorama.pdf"
  source: "pdfbourso"
  Depenses:Alimentaire:Restaurant
  Actif:Boursorama:CCAnna                            -99.00 EUR

2018-04-17 * "CHQ. N.6378034 " ""
  document: "2018-04-30 Boursorama.pdf"
  source: "pdfbourso"
  Depenses:A-CLASSER
  Actif:Boursorama:CCAnna                            -46.70 EUR

2018-04-17 * "CARTE 16042018 86 SGPC CB*2967 " ""
  document: "2018-04-30 Boursorama.pdf"
  source: "pdfbourso"
  Depenses:Habillement
  Actif:Boursorama:CCAnna                            -12.15 EUR

2018-04-10 * "PRLV SEPA GENERALI VIE SA " ".126084159/9921/51519425"
  document: "2018-04-30 Boursorama.pdf"
  source: "pdfbourso"
  Actif:Boursorama:AVAnna2
  Actif:Boursorama:CCAnna                            -50.00 EUR

2018-04-17 * "CARTE 16042018 86 MONOPRIX CB*2967 " ""
  document: "2018-04-30 Boursorama.pdf"
  source: "pdfbourso"
  Depenses:Alimentaire:Epicerie
  Actif:Boursorama:CCAnna                            -14.99 EUR

2018-04-18 * "RETRAIT DAB 17042018 NIORT HALLE CB*2967 " "79"
  document: "2018-04-30 Boursorama.pdf"
  source: "pdfbourso"
  Actif:Cash
  Actif:Boursorama:CCAnna                            -40.00 EUR

2018-04-19 * "CARTE 17042018 HK MODES GROUP LI CB*2967 " ""
  document: "2018-04-30 Boursorama.pdf"
  source: "pdfbourso"
  Depenses:Habillement
  Actif:Boursorama:CCAnna                            -92.91 EUR

2018-04-20 * "PRLV SEPA Bouygues Telecom " "Lignes mobiles"
  document: "2018-04-30 Boursorama.pdf"
  source: "pdfbourso"
  Depenses:Abo:Telephone
  Actif:Boursorama:CCAnna                            -19.99 EUR

2018-04-18 * "CARTE 17042018 Action 4343 CB*2967 " ""
  document: "2018-04-30 Boursorama.pdf"
  source: "pdfbourso"
  Depenses:Habillement
  Actif:Boursorama:CCAnna                             -8.03 EUR

2018-04-23 * " CARTE 19042018 17 AUDALISQUE CB*2967 " ""
  document: "2018-04-30 Boursorama.pdf"
  source: "pdfbourso"
  Depenses:Habillement
  Actif:Boursorama:CCAnna                            -20.00 EUR

2018-04-23 * " CARTE 21042018 79 PHARM DE PARIS CB*2967 " ""
  document: "2018-04-30 Boursorama.pdf"
  source: "pdfbourso"
  Depenses:Sante
  Actif:Boursorama:CCAnna                            -15.00 EUR

2018-04-24 * " CHQ. N.6378035 " ""
  document: "2018-04-30 Boursorama.pdf"
  source: "pdfbourso"
  Depenses:A-CLASSER
  Actif:Boursorama:CCAnna                            -58.00 EUR

2018-04-24 * " RETRAIT DAB 22042018 NIORT HALLE CB*2967 " "79"
  document: "2018-04-30 Boursorama.pdf"
  source: "pdfbourso"
  Actif:Cash
  Actif:Boursorama:CCAnna                            -50.00 EUR

2018-04-25 * " VIR SEPA TRESORERIE HOSP DU SUD DEUX SEV " "PAYE DU MOIS 04/18CH NIORT PA"
  document: "2018-04-30 Boursorama.pdf"
  source: "pdfbourso"
  Revenus:Salaires:CHNiort
  Actif:Boursorama:CCAnna                           1422.73 EUR

2018-04-25 * " CHQ. N.6378029 " ""
  document: "2018-04-30 Boursorama.pdf"
  source: "pdfbourso"
  Depenses:A-CLASSER
  Actif:Boursorama:CCAnna                            -26.90 EUR

2018-04-25 * " CHQ. N.6378030 " ""
  document: "2018-04-30 Boursorama.pdf"
  source: "pdfbourso"
  Depenses:A-CLASSER
  Actif:Boursorama:CCAnna                            -21.00 EUR

2018-04-25 * " CARTE 24042018 IE ITUNES.COM/BIL CB*2967 " ""
  document: "2018-04-30 Boursorama.pdf"
  source: "pdfbourso"
  Depenses:Abo:Apple
  Actif:Boursorama:CCAnna                             -0.99 EUR

2018-04-26 * " CARTE 25042018 79 MERCERIE D ANT CB*2967 " ""
  document: "2018-04-30 Boursorama.pdf"
  source: "pdfbourso"
  Depenses:Loisirs:Couture
  Actif:Boursorama:CCAnna                            -72.55 EUR

2018-04-27 * " CARTE 26042018 79 11 BIS CB*2967 " ""
  document: "2018-04-30 Boursorama.pdf"
  source: "pdfbourso"
  Depenses:Alimentaire:Restaurant
  Actif:Boursorama:CCAnna                            -23.00 EUR

2018-04-30 * " CARTE 27042018 79 OXYGEN CB*2967 " ""
  document: "2018-04-30 Boursorama.pdf"
  source: "pdfbourso"
  Depenses:Enfants:Coiffeur
  Actif:Boursorama:CCAnna                            -10.00 EUR

2018-04-30 * " CARTE 27042018 79 MERCERIE D ANT CB*2967 " ""
  document: "2018-04-30 Boursorama.pdf"
  source: "pdfbourso"
  Depenses:Loisirs:Couture
  Actif:Boursorama:CCAnna                            -23.05 EUR

2018-04-30 * " CARTE 27042018 79 LA LIBRAIRIE H CB*2967 " ""
  document: "2018-04-30 Boursorama.pdf"
  source: "pdfbourso"
  Depenses:Loisirs:Culture
  Actif:Boursorama:CCAnna                             -7.40 EUR

2018-04-30 * " CHQ. N.6378025 " ""
  document: "2018-04-30 Boursorama.pdf"
  source: "pdfbourso"
  Depenses:A-CLASSER
  Actif:Boursorama:CCAnna                            -10.00 EUR

2018-04-30 * " CHQ. N.6378036 " ""
  document: "2018-04-30 Boursorama.pdf"
  source: "pdfbourso"
  Depenses:A-CLASSER
  Actif:Boursorama:CCAnna                             -8.40 EUR


2018-05-01 balance Actif:Boursorama:CCAnna          2142.59 EUR
  document: "2018-05-31 Boursorama.pdf"
  source: "pdfbourso"

2018-05-02 * "VIR Contribution compte commun " "MLE ANNA TRINQUIER OU M GROS"
  document: "2018-05-31 Boursorama.pdf"
  source: "pdfbourso"
  Actif:Boursorama:CCJoint
  Actif:Boursorama:CCAnna                           -500.00 EUR

2018-05-02 * "RETRAIT DAB 30042018 NIORT CB*2967 " "79"
  document: "2018-05-31 Boursorama.pdf"
  source: "pdfbourso"
  Actif:Cash
  Actif:Boursorama:CCAnna                            -50.00 EUR

2018-05-02 * "VIR Epargne CEL " "GROS ANNA"
  document: "2018-05-31 Boursorama.pdf"
  source: "pdfbourso"
  Actif:Boursorama:CELAnna
  Actif:Boursorama:CCAnna                           -100.00 EUR

2018-05-03 * "CARTE 02052018 79 MERCERIE D ANT CB*2967 " ""
  document: "2018-05-31 Boursorama.pdf"
  source: "pdfbourso"
  Depenses:Loisirs:Couture
  Actif:Boursorama:CCAnna                            -30.22 EUR

2018-05-04 * "CARTE 03052018 31 INSCRP EN LIGN CB*2967 " ""
  document: "2018-05-31 Boursorama.pdf"
  source: "pdfbourso"
  Depenses:A-CLASSER
  Actif:Boursorama:CCAnna                             -8.95 EUR

2018-05-07 * "RETRAIT DAB 05052018 NIORT CB*2967 " "79"
  document: "2018-05-31 Boursorama.pdf"
  source: "pdfbourso"
  Actif:Cash
  Actif:Boursorama:CCAnna                            -50.00 EUR

2018-05-10 * "PRLV SEPA GENERALI VIE SA " ".126610290/9921/51519425"
  document: "2018-05-31 Boursorama.pdf"
  source: "pdfbourso"
  Actif:Boursorama:AVAnna2
  Actif:Boursorama:CCAnna                            -50.00 EUR

2018-05-11 * "CARTE 09052018 79 PHARM DE PARIS CB*2967 " ""
  document: "2018-05-31 Boursorama.pdf"
  source: "pdfbourso"
  Depenses:Sante
  Actif:Boursorama:CCAnna                             -2.98 EUR

2018-05-11 * "CARTE 09052018 79 ERAM 2269 CB*2967 " ""
  document: "2018-05-31 Boursorama.pdf"
  source: "pdfbourso"
  Depenses:Habillement
  Actif:Boursorama:CCAnna                            -40.00 EUR

2018-05-22 * "CARTE 19052018 17 BESSON BOUCHER CB*2967 " ""
  document: "2018-05-31 Boursorama.pdf"
  source: "pdfbourso"
  Depenses:Habillement
  Actif:Boursorama:CCAnna                            -95.57 EUR

2018-05-24 * "CARTE 23052018 IE ITUNES.COM/BIL CB*2967 " ""
  document: "2018-05-31 Boursorama.pdf"
  source: "pdfbourso"
  Depenses:Abo:Apple
  Actif:Boursorama:CCAnna                             -0.99 EUR

2018-05-25 * "VIR SEPA TRES. HOSPITALIERE SUD DEUX-SE " "PAYE DU MOIS 05/18CH NIORT PA"
  document: "2018-05-31 Boursorama.pdf"
  source: "pdfbourso"
  Revenus:Salaires:CHNiort
  Actif:Boursorama:CCAnna                           1422.73 EUR

2018-05-28 * "VIR complement decouvert " "MLE ANNA TRINQUIER OU M GROS"
  document: "2018-05-31 Boursorama.pdf"
  source: "pdfbourso"
  Actif:Boursorama:CCJoint
  Actif:Boursorama:CCAnna                           -500.00 EUR

2018-05-21 * "PRLV SEPA Bouygues Telecom " "Lignes mobiles"
  document: "2018-05-31 Boursorama.pdf"
  source: "pdfbourso"
  Depenses:Abo:Telephone
  Actif:Boursorama:CCAnna                            -19.99 EUR

2018-05-29 * "CHQ. N.6378038 " ""
  document: "2018-05-31 Boursorama.pdf"
  source: "pdfbourso"
  Depenses:A-CLASSER
  Actif:Boursorama:CCAnna                            -46.70 EUR

2018-05-29 * "CARTE 28052018 79 BIOMARCHE CB*2967 " ""
  document: "2018-05-31 Boursorama.pdf"
  source: "pdfbourso"
  Depenses:Alimentaire:Epicerie
  Actif:Boursorama:CCAnna                            -24.68 EUR

2018-05-29 * "CARTE 28052018 79 TISSUS DU RENA CB*2967 " ""
  document: "2018-05-31 Boursorama.pdf"
  source: "pdfbourso"
  Depenses:Loisirs:Couture
  Actif:Boursorama:CCAnna                            -20.00 EUR

2018-05-29 * "CARTE 28052018 79 LES PLANCHES CB*2967 " ""
  document: "2018-05-31 Boursorama.pdf"
  source: "pdfbourso"
  Depenses:Alimentaire:Restaurant
  Actif:Boursorama:CCAnna                            -23.87 EUR

2018-05-31 * "RETRAIT DAB 30052018 NIORT HALLE CB*2967 " "79"
  document: "2018-05-31 Boursorama.pdf"
  source: "pdfbourso"
  Actif:Cash
  Actif:Boursorama:CCAnna                            -60.00 EUR

2018-05-31 * "CARTE 30052018 79 MERCERIE D ANT CB*2967 " ""
  document: "2018-05-31 Boursorama.pdf"
  source: "pdfbourso"
  Depenses:Loisirs:Couture
  Actif:Boursorama:CCAnna                            -90.94 EUR

2018-05-30 * "CARTE 29052018 79 MAX MUSIQUE CB*2967 " ""
  document: "2018-05-31 Boursorama.pdf"
  source: "pdfbourso"
  Depenses:Enfants:Loisirs
  Actif:Boursorama:CCAnna                            -14.50 EUR

2018-06-01 balance Actif:Boursorama:CCAnna          1835.93 EUR
  document: "2018-06-29 Boursorama.pdf"
  source: "pdfbourso"

2018-06-01 * "VIR Contribution compte commun " "MLE ANNA TRINQUIER OU M GROS"
  document: "2018-06-29 Boursorama.pdf"
  source: "pdfbourso"
  Actif:Boursorama:CCJoint
  Actif:Boursorama:CCAnna                           -500.00 EUR

2018-06-01 * "VIR Epargne CEL " "GROS ANNA"
  document: "2018-06-29 Boursorama.pdf"
  source: "pdfbourso"
  Actif:Boursorama:CELAnna
  Actif:Boursorama:CCAnna                           -100.00 EUR

2018-06-07 * "CARTE 06062018 79 KIABI CB*2967 " ""
  document: "2018-06-29 Boursorama.pdf"
  source: "pdfbourso"
  Depenses:Habillement
  Actif:Boursorama:CCAnna                            -10.00 EUR

2018-06-06 * "CARTE 05062018 79 H&M238 CB*2967 " ""
  document: "2018-06-29 Boursorama.pdf"
  source: "pdfbourso"
  Depenses:Habillement
  Actif:Boursorama:CCAnna                            -65.42 EUR

2018-06-11 * "CARTE 09062018 79 PHARM DE PARIS CB*2967 " ""
  document: "2018-06-29 Boursorama.pdf"
  source: "pdfbourso"
  Depenses:Sante
  Actif:Boursorama:CCAnna                            -18.61 EUR

2018-06-11 * "CARTE 10062018 79 PICARD SA 082 CB*2967 " ""
  document: "2018-06-29 Boursorama.pdf"
  source: "pdfbourso"
  Depenses:Alimentaire:Epicerie
  Actif:Boursorama:CCAnna                            -50.27 EUR

2018-06-14 * "PRLV SEPA GENERALI VIE SA " ".127519104/9921/51519425"
  document: "2018-06-29 Boursorama.pdf"
  source: "pdfbourso"
  Actif:Boursorama:AVAnna2
  Actif:Boursorama:CCAnna                            -50.00 EUR

2018-06-12 * "RETRAIT DAB 09062018 NIORT HALLE CB*2967 " "79"
  document: "2018-06-29 Boursorama.pdf"
  source: "pdfbourso"
  Actif:Cash
  Actif:Boursorama:CCAnna                            -70.00 EUR

2018-06-14 * "CARTE 13062018 79 INTERMARCHE CB*2967 " ""
  document: "2018-06-29 Boursorama.pdf"
  source: "pdfbourso"
  Depenses:Alimentaire:Epicerie
  Actif:Boursorama:CCAnna                            -18.05 EUR

2018-06-18 * "CARTE 15062018 79 TAO NIORT CB*2967 " ""
  document: "2018-06-29 Boursorama.pdf"
  source: "pdfbourso"
  Depenses:Habillement
  Actif:Boursorama:CCAnna                            -85.29 EUR

2018-06-21 * "REM CHQ N. 1715475 " ""
  document: "2018-06-29 Boursorama.pdf"
  source: "pdfbourso"
  Depenses:A-CLASSER
  Actif:Boursorama:CCAnna                             35.00 EUR

2018-06-20 * "PRLV SEPA Bouygues Telecom " "Lignes mobiles"
  document: "2018-06-29 Boursorama.pdf"
  source: "pdfbourso"
  Depenses:Abo:Telephone
  Actif:Boursorama:CCAnna                            -19.99 EUR

2018-06-21 * "CHQ. N.6378039 " ""
  document: "2018-06-29 Boursorama.pdf"
  source: "pdfbourso"
  Depenses:A-CLASSER
  Actif:Boursorama:CCAnna                            -20.00 EUR

2018-06-21 * "CARTE 20062018 17 RAWCOCO CB*2967 " ""
  document: "2018-06-29 Boursorama.pdf"
  source: "pdfbourso"
  Depenses:Habillement
  Actif:Boursorama:CCAnna                            -18.10 EUR

2018-06-21 * "CARTE 20062018 17 LE LONGCHAMP CB*2967 " ""
  document: "2018-06-29 Boursorama.pdf"
  source: "pdfbourso"
  Depenses:Alimentaire:Restaurant
  Actif:Boursorama:CCAnna                            -20.60 EUR

2018-06-21 * "CARTE 20062018 17 A TON ETOILE CB*2967 " ""
  document: "2018-06-29 Boursorama.pdf"
  source: "pdfbourso"
  Depenses:Habillement
  Actif:Boursorama:CCAnna                            -39.50 EUR

2018-06-25 * "CARTE 21062018 17 CHAUS. ERAM CB*2967 " ""
  document: "2018-06-29 Boursorama.pdf"
  source: "pdfbourso"
  Depenses:Habillement
  Actif:Boursorama:CCAnna                            -31.50 EUR

2018-06-25 * "CARTE 21062018 17 AYONA CB*2967 " ""
  document: "2018-06-29 Boursorama.pdf"
  source: "pdfbourso"
  Depenses:Habillement
  Actif:Boursorama:CCAnna                            -80.00 EUR

2018-06-25 * "CARTE 22062018 17 LA CANTINE DU CB*2967 " ""
  document: "2018-06-29 Boursorama.pdf"
  source: "pdfbourso"
  Depenses:Alimentaire:Restaurant
  Actif:Boursorama:CCAnna                            -11.20 EUR

2018-06-25 * "CARTE 22062018 17 CROCBOOK CB*2967 " ""
  document: "2018-06-29 Boursorama.pdf"
  source: "pdfbourso"
  Depenses:Habillement
  Actif:Boursorama:CCAnna                            -17.00 EUR

2018-06-25 * "CARTE 23062018 79 OXYGEN CB*2967 " ""
  document: "2018-06-29 Boursorama.pdf"
  source: "pdfbourso"
  Depenses:Enfants:Coiffeur
  Actif:Boursorama:CCAnna                            -16.00 EUR

2018-06-22 * "CARTE 21062018 17 LA CANTINE DU CB*2967 " ""
  document: "2018-06-29 Boursorama.pdf"
  source: "pdfbourso"
  Depenses:Alimentaire:Restaurant
  Actif:Boursorama:CCAnna                            -11.20 EUR

2018-06-25 * "CARTE 23062018 IE ITUNES.COM/BIL CB*2967 " ""
  document: "2018-06-29 Boursorama.pdf"
  source: "pdfbourso"
  Depenses:Abo:Apple
  Actif:Boursorama:CCAnna                             -0.99 EUR

2018-06-26 * "VIR SEPA TRES. HOSPITALIERE SUD DEUX-SE " "PAYE DU MOIS 06/18CH NIORT PA"
  document: "2018-06-29 Boursorama.pdf"
  source: "pdfbourso"
  Revenus:Salaires:CHNiort
  Actif:Boursorama:CCAnna                           1422.25 EUR

2018-06-27 * "CARTE 26062018 79 RESTAURANT DON CB*2967 " ""
  document: "2018-06-29 Boursorama.pdf"
  source: "pdfbourso"
  Depenses:Alimentaire:Restaurant
  Actif:Boursorama:CCAnna                            -24.28 EUR

2018-06-28 * "CHQ. N.6378040 " ""
  document: "2018-06-29 Boursorama.pdf"
  source: "pdfbourso"
  Depenses:A-CLASSER
  Actif:Boursorama:CCAnna                            -28.00 EUR

2018-06-28 * "CHQ. N.6378041 " ""
  document: "2018-06-29 Boursorama.pdf"
  source: "pdfbourso"
  Depenses:A-CLASSER
  Actif:Boursorama:CCAnna                           -181.30 EUR

2018-06-28 * "CARTE 27062018 75 LES COUPONS DE CB*2967 " ""
  document: "2018-06-29 Boursorama.pdf"
  source: "pdfbourso"
  Depenses:Loisirs:Couture
  Actif:Boursorama:CCAnna                            -66.06 EUR

2018-06-28 * "CARTE 27062018 79 H&M238 CB*2967 " ""
  document: "2018-06-29 Boursorama.pdf"
  source: "pdfbourso"
  Depenses:Habillement
  Actif:Boursorama:CCAnna                            -66.89 EUR

2018-06-28 * "CARTE 27062018 79 D8281 CB*2967 " ""
  document: "2018-06-29 Boursorama.pdf"
  source: "pdfbourso"
  Depenses:Alimentaire:Epicerie
  Actif:Boursorama:CCAnna                             -7.50 EUR

2018-06-30 balance Actif:Boursorama:CCAnna          1665.43 EUR
  document: "2018-07-31 Boursorama.pdf"
  source: "pdfbourso"

2018-07-02 * "VIR Contribution compte commun " "MLE ANNA TRINQUIER OU M GROS"
  document: "2018-07-31 Boursorama.pdf"
  source: "pdfbourso"
  Actif:Boursorama:CCJoint
  Actif:Boursorama:CCAnna                           -500.00 EUR

2018-07-02 * "VIR Epargne CEL " "GROS ANNA"
  document: "2018-07-31 Boursorama.pdf"
  source: "pdfbourso"
  Actif:Boursorama:CELAnna
  Actif:Boursorama:CCAnna                           -100.00 EUR

2018-07-02 * "VIR SEPA CERF FORMATION SAS " "VIRT-SALAIRE-JUIN-01111"
  document: "2018-07-31 Boursorama.pdf"
  source: "pdfbourso"
  Revenus:Salaires:Formations
  Actif:Boursorama:CCAnna                            489.43 EUR

2018-07-03 * "CHQ. N.5886965 " ""
  document: "2018-07-31 Boursorama.pdf"
  source: "pdfbourso"
  Depenses:Immobilier:Menage:Salaire
  Actif:Boursorama:CCAnna                            -88.00 EUR

2018-07-03 * "RETRAIT DAB 30062018 NIORT CB*2967 " "79"
  document: "2018-07-31 Boursorama.pdf"
  source: "pdfbourso"
  Actif:Cash
  Actif:Boursorama:CCAnna                            -80.00 EUR

2018-07-04 * "CARTE 03072018 79 PHARM DE PARIS CB*2967 " ""
  document: "2018-07-31 Boursorama.pdf"
  source: "pdfbourso"
  Depenses:Sante
  Actif:Boursorama:CCAnna                             -8.60 EUR

2018-07-05 * "RETRAIT DAB 05072018 NIORT CB*2967 " "79"
  document: "2018-07-31 Boursorama.pdf"
  source: "pdfbourso"
  Actif:Cash
  Actif:Boursorama:CCAnna                            -30.00 EUR

2018-07-05 * "CARTE 04072018 79 TAO NIORT CB*2967 " ""
  document: "2018-07-31 Boursorama.pdf"
  source: "pdfbourso"
  Depenses:Habillement
  Actif:Boursorama:CCAnna                            -26.96 EUR

2018-07-05 * "CARTE 04072018 79 REG.STATIONMT CB*2967 " ""
  document: "2018-07-31 Boursorama.pdf"
  source: "pdfbourso"
  Depenses:Voitures:Peages
  Actif:Boursorama:CCAnna                             -1.50 EUR

2018-07-06 * "CARTE 05072018 79 EURODIF CB*2967 " ""
  document: "2018-07-31 Boursorama.pdf"
  source: "pdfbourso"
  Depenses:Loisirs:Couture
  Actif:Boursorama:CCAnna                            -34.93 EUR

2018-07-09 * "RETRAIT DAB 07072018 NIORT REPUB CB*2967 " "79"
  document: "2018-07-31 Boursorama.pdf"
  source: "pdfbourso"
  Actif:Cash
  Actif:Boursorama:CCAnna                            -40.00 EUR

2018-07-10 * "CHQ. N.6378043 " ""
  document: "2018-07-31 Boursorama.pdf"
  source: "pdfbourso"
  Depenses:A-CLASSER
  Actif:Boursorama:CCAnna                            -46.70 EUR

2018-07-11 * "PRLV SEPA GENERALI VIE SA " ".128356923/9921/51519425"
  document: "2018-07-31 Boursorama.pdf"
  source: "pdfbourso"
  Actif:Boursorama:AVAnna2
  Actif:Boursorama:CCAnna                            -50.00 EUR

2018-07-11 * "CARTE 10072018 79 INTERMARCHE CB*2967 " ""
  document: "2018-07-31 Boursorama.pdf"
  source: "pdfbourso"
  Depenses:Alimentaire:Epicerie
  Actif:Boursorama:CCAnna                            -19.83 EUR

2018-07-12 * "CARTE 11072018 79 LA MALLE AUX I CB*2967 " ""
  document: "2018-07-31 Boursorama.pdf"
  source: "pdfbourso"
  Depenses:Cadeaux
  Actif:Boursorama:CCAnna                            -11.90 EUR

2018-07-13 * "CARTE 12072018 79 LAMBERT MARTIN CB*2967 " ""
  document: "2018-07-31 Boursorama.pdf"
  source: "pdfbourso"
  Depenses:Habillement
  Actif:Boursorama:CCAnna                             -7.80 EUR

2018-07-16 * "CARTE 14072018 79 GL NIORT CB*2967 " ""
  document: "2018-07-31 Boursorama.pdf"
  source: "pdfbourso"
  Depenses:Habillement
  Actif:Boursorama:CCAnna                            -60.94 EUR

2018-07-16 * "CARTE 14072018 79 BOUTIQUE MICH CB*2967 " ""
  document: "2018-07-31 Boursorama.pdf"
  source: "pdfbourso"
  Depenses:Habillement
  Actif:Boursorama:CCAnna                            -40.00 EUR

2018-07-18 * "CARTE 17072018 79 OXYGEN CB*2967 " ""
  document: "2018-07-31 Boursorama.pdf"
  source: "pdfbourso"
  Depenses:Coiffeur
  Actif:Boursorama:CCAnna                            -33.00 EUR

2018-07-20 * "VIR SEPA CERF FORMATION SAS " "Virt Sal 06/2018 CERF Formation"
  document: "2018-07-31 Boursorama.pdf"
  source: "pdfbourso"
  Revenus:Salaires:Formations
  Actif:Boursorama:CCAnna                             37.30 EUR

2018-07-23 * "PRLV SEPA Bouygues Telecom " "Lignes mobiles"
  document: "2018-07-31 Boursorama.pdf"
  source: "pdfbourso"
  Depenses:Abo:Telephone
  Actif:Boursorama:CCAnna                            -19.99 EUR

2018-07-24 * "CARTE 20072018 79 PHARM DE PARIS CB*2967 " ""
  document: "2018-07-31 Boursorama.pdf"
  source: "pdfbourso"
  Depenses:Sante
  Actif:Boursorama:CCAnna                            -17.56 EUR

2018-07-24 * "CARTE 20072018 17 CHAI PEPETTE CB*2967 " ""
  document: "2018-07-31 Boursorama.pdf"
  source: "pdfbourso"
  Depenses:Alimentaire:Restaurant
  Actif:Boursorama:CCAnna                            -60.60 EUR

2018-07-24 * "CARTE 21072018 17 O PARLOIR CB*2967 " ""
  document: "2018-07-31 Boursorama.pdf"
  source: "pdfbourso"
  Depenses:Alimentaire:Restaurant
  Actif:Boursorama:CCAnna                           -105.00 EUR

2018-07-24 * "CARTE 21072018 17 SHOPI CB*2967 " ""
  document: "2018-07-31 Boursorama.pdf"
  source: "pdfbourso"
  Depenses:Alimentaire:Epicerie
  Actif:Boursorama:CCAnna                            -17.26 EUR

2018-07-24 * "CARTE 21072018 17 SENSEI CB*2967 " ""
  document: "2018-07-31 Boursorama.pdf"
  source: "pdfbourso"
  Depenses:Alimentaire:Restaurant
  Actif:Boursorama:CCAnna                            -19.50 EUR

2018-07-06 * "CARTE 05072018 79 O RESTAURATION CB*2967 " ""
  document: "2018-07-31 Boursorama.pdf"
  source: "pdfbourso"
  Depenses:Alimentaire:Restaurant
  Actif:Boursorama:CCAnna                            -25.00 EUR

2018-07-24 * "CARTE 23072018 79 TAO NIORT CB*2967 " ""
  document: "2018-07-31 Boursorama.pdf"
  source: "pdfbourso"
  Depenses:Habillement
  Actif:Boursorama:CCAnna                            -61.48 EUR

2018-07-24 * "CARTE 23072018 79 H&M148 CB*2967 " ""
  document: "2018-07-31 Boursorama.pdf"
  source: "pdfbourso"
  Depenses:Habillement
  Actif:Boursorama:CCAnna                            -37.95 EUR

2018-07-25 * "VIR SEPA TRES. HOSPITALIERE SUD DEUX-SE " "PAYE DU MOIS 07/18CH NIORT PA"
  document: "2018-07-31 Boursorama.pdf"
  source: "pdfbourso"
  Revenus:Salaires:CHNiort
  Actif:Boursorama:CCAnna                           1422.73 EUR

2018-07-25 * "CARTE 24072018 IE ITUNES.COM/BIL CB*2967 " ""
  document: "2018-07-31 Boursorama.pdf"
  source: "pdfbourso"
  Depenses:Abo:Apple
  Actif:Boursorama:CCAnna                             -0.99 EUR

2018-07-26 * "CHQ. N.6378042 " ""
  document: "2018-07-31 Boursorama.pdf"
  source: "pdfbourso"
  Depenses:A-CLASSER
  Actif:Boursorama:CCAnna                            -24.00 EUR

2018-07-27 * "CARTE 26072018 79 E LECLERC CB*2967 " ""
  document: "2018-07-31 Boursorama.pdf"
  source: "pdfbourso"
  Depenses:Alimentaire:Epicerie
  Actif:Boursorama:CCAnna                            -65.26 EUR

2018-07-30 * "PRLV SEPA TRES. HOSPITALIERE SUD DEUX-SE " "Repas restaurant"
  document: "2018-07-31 Boursorama.pdf"
  source: "pdfbourso"
  Depenses:Alimentaire:Restaurant
  Actif:Boursorama:CCAnna                            -18.70 EUR

2018-07-25 * "CHQ. N.6378044 " ""
  document: "2018-07-31 Boursorama.pdf"
  source: "pdfbourso"
  Depenses:A-CLASSER
  Actif:Boursorama:CCAnna                            -58.00 EUR

2018-07-30 * "RETRAIT DAB 28072018 NIORT REPUB CB*2967 " "79"
  document: "2018-07-31 Boursorama.pdf"
  source: "pdfbourso"
  Actif:Cash
  Actif:Boursorama:CCAnna                           -150.00 EUR

2018-07-30 * "CARTE 27072018 79 EURODIF CB*2967 " ""
  document: "2018-07-31 Boursorama.pdf"
  source: "pdfbourso"
  Depenses:Loisirs:Couture
  Actif:Boursorama:CCAnna                            -24.06 EUR

2018-07-30 * "CARTE 27072018 79 OXYGEN CB*2967 " ""
  document: "2018-07-31 Boursorama.pdf"
  source: "pdfbourso"
  Depenses:Enfants:Coiffeur
  Actif:Boursorama:CCAnna                            -10.00 EUR

2018-07-30 * "CARTE 27072018 79 MANOUE LILIE CB*2967 " ""
  document: "2018-07-31 Boursorama.pdf"
  source: "pdfbourso"
  Depenses:Habillement
  Actif:Boursorama:CCAnna                            -64.00 EUR

2018-07-30 * "CARTE 27072018 79 D8281 CB*2967 " ""
  document: "2018-07-31 Boursorama.pdf"
  source: "pdfbourso"
  Depenses:Alimentaire:Epicerie
  Actif:Boursorama:CCAnna                            -11.99 EUR

2018-07-31 * "CHQ. N.6378045 " ""
  document: "2018-07-31 Boursorama.pdf"
  source: "pdfbourso"
  Depenses:A-CLASSER
  Actif:Boursorama:CCAnna                            -46.70 EUR

2018-08-01 balance Actif:Boursorama:CCAnna          1596.69 EUR
  document: "2018-08-31 Boursorama.pdf"
  source: "pdfbourso"

2018-08-01 * "VIR Contribution compte commun " "MLE ANNA TRINQUIER OU M GROS"
  document: "2018-08-31 Boursorama.pdf"
  source: "pdfbourso"
  Actif:Boursorama:CCJoint
  Actif:Boursorama:CCAnna                           -500.00 EUR

2018-08-01 * "VIR Epargne CEL " "GROS ANNA"
  document: "2018-08-31 Boursorama.pdf"
  source: "pdfbourso"
  Actif:Boursorama:CELAnna
  Actif:Boursorama:CCAnna                           -100.00 EUR

2018-08-02 * "CARTE 01082018 79 E LECLERC CB*2967 " ""
  document: "2018-08-31 Boursorama.pdf"
  source: "pdfbourso"
  Depenses:Alimentaire:Epicerie
  Actif:Boursorama:CCAnna                            -30.53 EUR

2018-08-07 * "RETRAIT DAB 04082018 LE CHATEAU CB*2967 " "17"
  document: "2018-08-31 Boursorama.pdf"
  source: "pdfbourso"
  Actif:Cash
  Actif:Boursorama:CCAnna                            -60.00 EUR

2018-08-07 * "CARTE 04082018 17 LIBR. JABALOT CB*2967 " ""
  document: "2018-08-31 Boursorama.pdf"
  source: "pdfbourso"
  Depenses:Loisirs:Culture
  Actif:Boursorama:CCAnna                            -23.60 EUR

2018-08-09 * "CARTE 07082018 93 LULU LA LUCIOL CB*2967 " ""
  document: "2018-08-31 Boursorama.pdf"
  source: "pdfbourso"
  Depenses:Habillement
  Actif:Boursorama:CCAnna                           -138.46 EUR

2018-08-10 * "PRLV SEPA GENERALI VIE SA " ".128928194/9921/51519425"
  document: "2018-08-31 Boursorama.pdf"
  source: "pdfbourso"
  Actif:Boursorama:AVAnna2
  Actif:Boursorama:CCAnna                            -50.00 EUR

2018-08-13 * "PRLV SEPA TRES. HOSPITALIERE SUD DEUX-SE " "Repas restaurant"
  document: "2018-08-31 Boursorama.pdf"
  source: "pdfbourso"
  Depenses:Alimentaire:Restaurant
  Actif:Boursorama:CCAnna                             -7.93 EUR

2018-08-14 * "CARTE 11082018 17 AFFAIRES DE FA CB*2967 " ""
  document: "2018-08-31 Boursorama.pdf"
  source: "pdfbourso"
  Depenses:Habillement
  Actif:Boursorama:CCAnna                            -46.00 EUR

2018-08-20 * "PRLV SEPA Bouygues Telecom " "Lignes mobiles"
  document: "2018-08-31 Boursorama.pdf"
  source: "pdfbourso"
  Depenses:Abo:Telephone
  Actif:Boursorama:CCAnna                            -22.99 EUR

2018-08-22 * " CARTE 20082018 93 VENTE-PRIVEE.C CB*2967 " ""
  document: "2018-08-31 Boursorama.pdf"
  source: "pdfbourso"
  Depenses:Habillement
  Actif:Boursorama:CCAnna                            -49.00 EUR

2018-08-22 * " CARTE 20082018 93 VENTE PRIVEE C CB*2967 " ""
  document: "2018-08-31 Boursorama.pdf"
  source: "pdfbourso"
  Depenses:Habillement
  Actif:Boursorama:CCAnna                            -61.99 EUR

2018-08-24 * " CARTE 23082018 IE ITUNES.COM/BIL CB*2967 " ""
  document: "2018-08-31 Boursorama.pdf"
  source: "pdfbourso"
  Depenses:Abo:Apple
  Actif:Boursorama:CCAnna                             -0.99 EUR

2018-08-27 * " VIR SEPA TRESORERIE HOSP DU SUD DEUX SEV " "PAYE DU MOIS 08/18CH NIORT PA"
  document: "2018-08-31 Boursorama.pdf"
  source: "pdfbourso"
  Revenus:Salaires:CHNiort
  Actif:Boursorama:CCAnna                           1422.73 EUR

2018-08-07 * "CARTE 04082018 17 SARL DELNOT BI CB*2967 " ""
  document: "2018-08-31 Boursorama.pdf"
  source: "pdfbourso"
  Depenses:Habillement
  Actif:Boursorama:CCAnna                            -26.42 EUR

2018-09-01 balance Actif:Boursorama:CCAnna          1901.51 EUR
  document: "2018-09-28 Boursorama.pdf"
  source: "pdfbourso"

2018-09-03 * "VIR Contribution compte commun " "MLE ANNA TRINQUIER OU M GROS"
  document: "2018-09-28 Boursorama.pdf"
  source: "pdfbourso"
  Actif:Boursorama:CCJoint
  Actif:Boursorama:CCAnna                           -500.00 EUR

2018-09-03 * "VIR Epargne CEL " "GROS ANNA"
  document: "2018-09-28 Boursorama.pdf"
  source: "pdfbourso"
  Actif:Boursorama:CELAnna
  Actif:Boursorama:CCAnna                           -100.00 EUR

2018-09-03 * "VIR SEPA VAN CANEGHEM SABRINA " "NAIN VULGAIRE"
  document: "2018-09-28 Boursorama.pdf"
  source: "pdfbourso"
  Depenses:Cadeaux
  Actif:Boursorama:CCAnna                            -14.00 EUR

2018-09-03 ! "CARTE 02092018 35 AMENDE RADAR W CB*2967 " ""
  document: "2018-09-28 Boursorama.pdf"
  source: "pdfbourso"
  Depenses:A-CLASSER
  Actif:Boursorama:CCAnna                            -90.00 EUR

2018-09-04 * "CHQ. N.6378046 " ""
  document: "2018-09-28 Boursorama.pdf"
  source: "pdfbourso"
  Depenses:A-CLASSER
  Actif:Boursorama:CCAnna                            -46.70 EUR

2018-09-06 * "CHQ. N.5886966 " ""
  document: "2018-09-28 Boursorama.pdf"
  source: "pdfbourso"
  Depenses:A-CLASSER
  Actif:Boursorama:CCAnna                            -15.00 EUR

2018-09-06 * "CARTE 05092018 79 CHIC DEPOT CB*2967 " ""
  document: "2018-09-28 Boursorama.pdf"
  source: "pdfbourso"
  Depenses:Habillement
  Actif:Boursorama:CCAnna                            -30.00 EUR

2018-09-10 * "PRLV SEPA TRESORERIE HOSP DU SUD DEUX SE " "Repas restaurant"
  document: "2018-09-28 Boursorama.pdf"
  source: "pdfbourso"
  Depenses:Alimentaire:Restaurant
  Actif:Boursorama:CCAnna                             -4.35 EUR

2018-09-10 * "CARTE 08092018 79 GL NIORT CB*2967 " ""
  document: "2018-09-28 Boursorama.pdf"
  source: "pdfbourso"
  Depenses:Habillement
  Actif:Boursorama:CCAnna                            -27.00 EUR

2018-09-11 * "PRLV SEPA GENERALI VIE SA " ".129492678/9921/51519425"
  document: "2018-09-28 Boursorama.pdf"
  source: "pdfbourso"
  Actif:Boursorama:AVAnna2
  Actif:Boursorama:CCAnna                            -50.00 EUR

2018-09-17 * "CARTE 14092018 79 KARPE DIEM CB*2967 " ""
  document: "2018-09-28 Boursorama.pdf"
  source: "pdfbourso"
  Depenses:Habillement
  Actif:Boursorama:CCAnna                            -40.00 EUR

2018-09-17 * "CARTE 14092018 79 LA LIBRAIRIE H CB*2967 " ""
  document: "2018-09-28 Boursorama.pdf"
  source: "pdfbourso"
  Depenses:Loisirs:Culture
  Actif:Boursorama:CCAnna                            -14.19 EUR

2018-09-20 * "PRLV SEPA Bouygues Telecom " "Lignes mobiles"
  document: "2018-09-28 Boursorama.pdf"
  source: "pdfbourso"
  Depenses:Abo:Telephone
  Actif:Boursorama:CCAnna                            -22.99 EUR

2018-09-24 * "CARTE 22092018 79 KING JOUET CB*2967 " ""
  document: "2018-09-28 Boursorama.pdf"
  source: "pdfbourso"
  Depenses:Cadeaux
  Actif:Boursorama:CCAnna                            -31.99 EUR

2018-09-10 * "CARTE 08092018 79 BIO C'BON NIOR CB*2967 " ""
  document: "2018-09-28 Boursorama.pdf"
  source: "pdfbourso"
  Depenses:Alimentaire:Epicerie
  Actif:Boursorama:CCAnna                            -15.30 EUR

2018-09-24 * "CARTE 23092018 IE ITUNES.COM/BIL CB*2967 " ""
  document: "2018-09-28 Boursorama.pdf"
  source: "pdfbourso"
  Depenses:Abo:Apple
  Actif:Boursorama:CCAnna                             -0.99 EUR

2018-09-25 * "VIR SEPA TRESORERIE HOSP DU SUD DEUX SEV " "PAYE DU MOIS 09/18CH NIORT PA"
  document: "2018-09-28 Boursorama.pdf"
  source: "pdfbourso"
  Revenus:Salaires:CHNiort
  Actif:Boursorama:CCAnna                           1422.73 EUR

2018-09-26 * "CARTE 25092018 91 SOGEC CGOS BIL CB*2967 " ""
  document: "2018-09-28 Boursorama.pdf"
  source: "pdfbourso"
  Depenses:Loisirs:Billeterie
  Actif:Boursorama:CCAnna                           -128.20 EUR

2018-09-27 * "RETRAIT DAB 26092018 TARNEAUD NI CB*2967 " "79"
  document: "2018-09-28 Boursorama.pdf"
  source: "pdfbourso"
  Actif:Cash
  Actif:Boursorama:CCAnna                            -80.00 EUR

2018-09-27 * "CARTE 26092018 79 LE BEAU VELO CB*2967 " ""
  document: "2018-09-28 Boursorama.pdf"
  source: "pdfbourso"
  Depenses:Loisirs:Velos
  Actif:Boursorama:CCAnna                            -70.00 EUR


2018-09-29 balance Actif:Boursorama:CCAnna          2043.53 EUR
  document: "2018-10-31 Boursorama.pdf"
  source: "pdfbourso"

2018-10-01 * "VIR Contribution compte commun " "MLE ANNA TRINQUIER OU M GROS"
  document: "2018-10-31 Boursorama.pdf"
  source: "pdfbourso"
  Actif:Boursorama:CCJoint
  Actif:Boursorama:CCAnna                           -500.00 EUR

2018-10-01 * "VIR Epargne CEL " "GROS ANNA"
  document: "2018-10-31 Boursorama.pdf"
  source: "pdfbourso"
  Actif:Boursorama:CELAnna
  Actif:Boursorama:CCAnna                           -100.00 EUR

2018-10-02 * "RETRAIT DAB 28092018 NIORT CB*2967 " "79"
  document: "2018-10-31 Boursorama.pdf"
  source: "pdfbourso"
  Actif:Cash
  Actif:Boursorama:CCAnna                            -80.00 EUR

2018-10-02 * "CARTE 29092018 OPHELIEMERCERIE CB*2967 " ""
  document: "2018-10-31 Boursorama.pdf"
  source: "pdfbourso"
  Depenses:Loisirs:Couture
  Actif:Boursorama:CCAnna                            -83.60 EUR

2018-10-04 * "RETRAIT DAB 03102018 NIORT CB*2967 " "79"
  document: "2018-10-31 Boursorama.pdf"
  source: "pdfbourso"
  Actif:Cash
  Actif:Boursorama:CCAnna                           -100.00 EUR

2018-10-08 * "RETRAIT DAB 07102018 NIORT CB*2967 " "79"
  document: "2018-10-31 Boursorama.pdf"
  source: "pdfbourso"
  Actif:Cash
  Actif:Boursorama:CCAnna                            -60.00 EUR

2018-10-08 * "CARTE 06102018 79 SARL DEVAUD CB*2967 " ""
  document: "2018-10-31 Boursorama.pdf"
  source: "pdfbourso"
  Depenses:Loisirs:Couture
  Actif:Boursorama:CCAnna                            -82.12 EUR

2018-10-08 * "CARTE 05102018 79 READY MADE CB*2967 " ""
  document: "2018-10-31 Boursorama.pdf"
  source: "pdfbourso"
  Depenses:Alimentaire:Restaurant
  Actif:Boursorama:CCAnna                            -24.70 EUR

2018-10-10 * "PRLV SEPA GENERALI VIE SA " ".130392541/9921/51519425"
  document: "2018-10-31 Boursorama.pdf"
  source: "pdfbourso"
  Actif:Boursorama:AVAnna2
  Actif:Boursorama:CCAnna                            -50.00 EUR

2018-10-11 * "CARTE 10102018 79 CHIC DEPOT CB*2967 " ""
  document: "2018-10-31 Boursorama.pdf"
  source: "pdfbourso"
  Depenses:Habillement
  Actif:Boursorama:CCAnna                           -120.00 EUR

2018-10-12 ! "CARTE 11102018 79 COURIR EN DEUX CB*2967 " ""
  document: "2018-10-31 Boursorama.pdf"
  source: "pdfbourso"
  Depenses:A-CLASSER
  Actif:Boursorama:CCAnna                             -8.00 EUR

2018-10-15 * "CARTE 13102018 79 AMIS DU MARAIS CB*2967 " ""
  document: "2018-10-31 Boursorama.pdf"
  source: "pdfbourso"
  Depenses:Alimentaire:Epicerie
  Actif:Boursorama:CCAnna                            -16.08 EUR

2018-10-16 * "CHQ. N.6378047 " ""
  document: "2018-10-31 Boursorama.pdf"
  source: "pdfbourso"
  Depenses:A-CLASSER
  Actif:Boursorama:CCAnna                            -46.70 EUR

2018-10-17 * "PRLV SEPA TRES. HOSPITALIERE SUD DEUX-SE " "Repas restaurant"
  document: "2018-10-31 Boursorama.pdf"
  source: "pdfbourso"
  Depenses:Alimentaire:Restaurant
  Actif:Boursorama:CCAnna                             -3.91 EUR

2018-10-17 * "RETRAIT DAB 15102018 NIORT CB*2967 " "79"
  document: "2018-10-31 Boursorama.pdf"
  source: "pdfbourso"
  Actif:Cash
  Actif:Boursorama:CCAnna                            -50.00 EUR

2018-10-17 * "CARTE 15102018 93 HELLOASSO LW CB*2967 " "Lindy-Hop"
  document: "2018-10-31 Boursorama.pdf"
  source: "pdfbourso"
  Depenses:A-CLASSER
  Actif:Boursorama:CCAnna                           -150.00 EUR

2018-10-19 * "CARTE 18102018 59 HTM PRO CB*2967 " ""
  document: "2018-10-31 Boursorama.pdf"
  source: "pdfbourso"
  Depenses:Habillement
  Actif:Boursorama:CCAnna                           -144.60 EUR

2018-10-22 * "PRLV SEPA Bouygues Telecom " "Lignes mobiles"
  document: "2018-10-31 Boursorama.pdf"
  source: "pdfbourso"
  Depenses:Abo:Telephone
  Actif:Boursorama:CCAnna                            -22.99 EUR

2018-10-24 * "CARTE 23102018 IE ITUNES.COM/BIL CB*2967 " ""
  document: "2018-10-31 Boursorama.pdf"
  source: "pdfbourso"
  Depenses:Abo:Apple
  Actif:Boursorama:CCAnna                             -0.99 EUR

2018-10-25 * "VIR SEPA TRESORERIE HOSP DU SUD DEUX SEV " "PAYE DU MOIS 10/18CH NIORT PA"
  document: "2018-10-31 Boursorama.pdf"
  source: "pdfbourso"
  Revenus:Salaires:CHNiort
  Actif:Boursorama:CCAnna                           1480.35 EUR

2018-10-29 * "CARTE 27102018 79 TISSUS DU RENA CB*2967 " ""
  document: "2018-10-31 Boursorama.pdf"
  source: "pdfbourso"
  Depenses:Loisirs:Couture
  Actif:Boursorama:CCAnna                            -17.50 EUR

2018-10-05 * "CARTE 03102018 93 VENTE PRIVEE C CB*2967 " ""
  document: "2018-10-31 Boursorama.pdf"
  source: "pdfbourso"
  Depenses:Habillement
  Actif:Boursorama:CCAnna                           -108.50 EUR

2018-10-29 * "CARTE 27102018 79 BIOMARCHE CB*2967 " ""
  document: "2018-10-31 Boursorama.pdf"
  source: "pdfbourso"
  Depenses:Alimentaire:Epicerie
  Actif:Boursorama:CCAnna                            -17.62 EUR

2018-10-29 * "CARTE 27102018 79 PHARM DE PARIS CB*2967 " ""
  document: "2018-10-31 Boursorama.pdf"
  source: "pdfbourso"
  Depenses:Sante
  Actif:Boursorama:CCAnna                            -39.03 EUR

2018-10-31 * "RETRAIT DAB 30102018 LA ROCHELLE CB*2967 " "17"
  document: "2018-10-31 Boursorama.pdf"
  source: "pdfbourso"
  Actif:Cash
  Actif:Boursorama:CCAnna                            -50.00 EUR

2018-10-31 * "CARTE 30102018 17 SARL MONTAGNE CB*2967 " ""
  document: "2018-10-31 Boursorama.pdf"
  source: "pdfbourso"
  Depenses:Alimentaire:Epicerie
  Actif:Boursorama:CCAnna                             -9.31 EUR

2018-10-31 * "CARTE 30102018 17 HORODATEUR LR CB*2967 " ""
  document: "2018-10-31 Boursorama.pdf"
  source: "pdfbourso"
  Depenses:Voitures:Peages
  Actif:Boursorama:CCAnna                             -1.50 EUR

2018-11-01 balance Actif:Boursorama:CCAnna          1636.74 EUR
  document: "2018-11-30 Boursorama.pdf"
  source: "pdfbourso"

2018-11-01 * "VIR Contribution compte commun " "MLE ANNA TRINQUIER OU M GROS"
  document: "2018-11-30 Boursorama.pdf"
  source: "pdfbourso"
  Actif:Boursorama:CCJoint
  Actif:Boursorama:CCAnna                           -500.00 EUR

2018-11-01 * "VIR Epargne CEL " "GROS ANNA"
  document: "2018-11-30 Boursorama.pdf"
  source: "pdfbourso"
  Actif:Boursorama:CELAnna
  Actif:Boursorama:CCAnna                           -100.00 EUR

2018-11-02 * "CARTE 31102018 79 E LECLERC CB*2967 " ""
  document: "2018-11-30 Boursorama.pdf"
  source: "pdfbourso"
  Depenses:Alimentaire:Epicerie
  Actif:Boursorama:CCAnna                            -25.01 EUR

2018-11-02 * "CARTE 01112018 79 INTERMARCHE CB*2967 " ""
  document: "2018-11-30 Boursorama.pdf"
  source: "pdfbourso"
  Depenses:Alimentaire:Epicerie
  Actif:Boursorama:CCAnna                             -9.28 EUR

2018-11-05 * "CARTE 02112018 79 PHARM DE PARIS CB*2967 " ""
  document: "2018-11-30 Boursorama.pdf"
  source: "pdfbourso"
  Depenses:Sante
  Actif:Boursorama:CCAnna                            -12.95 EUR

2018-11-06 * "PRLV SEPA TRES. HOSPITALIERE SUD DEUX-SE " "Repas restaurant"
  document: "2018-11-30 Boursorama.pdf"
  source: "pdfbourso"
  Depenses:Alimentaire:Restaurant
  Actif:Boursorama:CCAnna                             -6.72 EUR

2018-11-07 * "RETRAIT DAB 06112018 NIORT CB*2967 " "79"
  document: "2018-11-30 Boursorama.pdf"
  source: "pdfbourso"
  Actif:Cash
  Actif:Boursorama:CCAnna                            -60.00 EUR

2018-11-12 * "PRLV SEPA GENERALI VIE SA " ".131087706/9921/51519425"
  document: "2018-11-30 Boursorama.pdf"
  source: "pdfbourso"
  Actif:Boursorama:AVAnna2
  Actif:Boursorama:CCAnna                            -50.00 EUR

2018-11-02 * "CARTE 31102018 79 TAO NIORT CB*2967 " ""
  document: "2018-11-30 Boursorama.pdf"
  source: "pdfbourso"
  Depenses:Habillement
  Actif:Boursorama:CCAnna                            -10.79 EUR

2018-11-13 ! "CARTE 12112018 93 HELLOASSO LW CB*2967 " "Lindy Hop"
  document: "2018-11-30 Boursorama.pdf"
  source: "pdfbourso"
  Depenses:A-CLASSER
  Actif:Boursorama:CCAnna                            -50.00 EUR

2018-11-19 * "VIR compense perte carte perso " "MLE ANNA TRINQUIER OU M GROS"
  document: "2018-11-30 Boursorama.pdf"
  source: "pdfbourso"
  Actif:Boursorama:CCJoint
  Actif:Boursorama:CCAnna                           -300.00 EUR

2018-11-26 * "VIR SEPA TRESORERIE HOSP DU SUD DEUX SEV " "PAYE DU MOIS 11/18CH NIORT PA"
  document: "2018-11-30 Boursorama.pdf"
  source: "pdfbourso"
  Revenus:Salaires:CHNiort
  Actif:Boursorama:CCAnna                           2109.10 EUR

2018-11-29 * "VIR complement decouvert " "MLE ANNA TRINQUIER OU M GROS"
  document: "2018-11-30 Boursorama.pdf"
  source: "pdfbourso"
  Actif:Boursorama:CCJoint
  Actif:Boursorama:CCAnna                           -300.00 EUR

2018-11-29 * "VIR placement prime " "GROS/ANNA"
  document: "2018-11-30 Boursorama.pdf"
  source: "pdfbourso"
  Actif:Boursorama:LDDAnna
  Actif:Boursorama:CCAnna                           -200.00 EUR

2018-11-29 * "RETRAIT DAB 28112018 NIORT CB*3946 " "79"
  document: "2018-11-30 Boursorama.pdf"
  source: "pdfbourso"
  Actif:Cash
  Actif:Boursorama:CCAnna                            -50.00 EUR

2018-11-20 * "PRLV SEPA Bouygues Telecom " "Lignes mobiles"
  document: "2018-11-30 Boursorama.pdf"
  source: "pdfbourso"
  Depenses:Abo:Telephone
  Actif:Boursorama:CCAnna                            -22.99 EUR

2018-12-01 balance Actif:Boursorama:CCAnna          2048.09 EUR
  document: "2018-12-31 Boursorama.pdf"
  source: "pdfbourso"

2018-12-03 * "VIR SEPA MENARDI PAULINE " "ARDOISEPOPO"
  document: "2018-12-31 Boursorama.pdf"
  source: "pdfbourso"
  Revenus:VentesAnna
  Actif:Boursorama:CCAnna                             20.00 EUR

2018-12-03 * "VIR Epargne CEL " "GROS ANNA"
  document: "2018-12-31 Boursorama.pdf"
  source: "pdfbourso"
  Actif:Boursorama:CELAnna
  Actif:Boursorama:CCAnna                           -100.00 EUR

2018-12-04 * "CARTE 03122018 79 INTERMARCHE DA CB*3946 " ""
  document: "2018-12-31 Boursorama.pdf"
  source: "pdfbourso"
  Depenses:Voitures:Carburant
  Actif:Boursorama:CCAnna                            -40.15 EUR

2018-12-05 ! "VIR SEPA COMITE GESTION OEUVRES SOC ETS " "05/PREST ENFAN105181255"
  document: "2018-12-31 Boursorama.pdf"
  source: "pdfbourso"
  Revenus:Salaires:CHNiort
  Actif:Boursorama:CCAnna                             24.00 EUR

2018-12-10 * "PRLV SEPA TRES. HOSPITALIERE SUD DEUX-SE " "Repas restaurant"
  document: "2018-12-31 Boursorama.pdf"
  source: "pdfbourso"
  Depenses:Alimentaire:Restaurant
  Actif:Boursorama:CCAnna                             -6.94 EUR

2018-12-10 * "CARTE 08122018 79 OXYGEN CB*3946 " ""
  document: "2018-12-31 Boursorama.pdf"
  source: "pdfbourso"
  Depenses:Coiffeur
  Actif:Boursorama:CCAnna                           -108.00 EUR

2018-12-11 * "REM CHQ N. 0640397 " ""
  document: "2018-12-31 Boursorama.pdf"
  source: "pdfbourso"
  Revenus:VentesAnna
  Actif:Boursorama:CCAnna                            349.00 EUR

2018-12-11 * "REM CHQ N. 0640412 " ""
  document: "2018-12-31 Boursorama.pdf"
  source: "pdfbourso"
  Revenus:VentesAnna
  Actif:Boursorama:CCAnna                            195.00 EUR

2018-12-12 * "REM CHQ N. 0640379 " ""
  document: "2018-12-31 Boursorama.pdf"
  source: "pdfbourso"
  Revenus:VentesAnna
  Actif:Boursorama:CCAnna                            389.00 EUR

2018-12-13 * "PRLV SEPA GENERALI VIE SA " ".131567757/9921/51519425"
  document: "2018-12-31 Boursorama.pdf"
  source: "pdfbourso"
  Actif:Boursorama:AVAnna2
  Actif:Boursorama:CCAnna                            -50.00 EUR

2018-12-13 * "REM CHQ N. 0640379 " ""
  document: "2018-12-31 Boursorama.pdf"
  source: "pdfbourso"
  Revenus:VentesAnna
  Actif:Boursorama:CCAnna                             15.00 EUR

2018-12-13 * "REM CHQ N. 3463294 " ""
  document: "2018-12-31 Boursorama.pdf"
  source: "pdfbourso"
  Revenus:VentesAnna
  Actif:Boursorama:CCAnna                             39.00 EUR

2018-12-13 * "CHQ. N.3013172 " ""
  document: "2018-12-31 Boursorama.pdf"
  source: "pdfbourso"
  Depenses:A-CLASSER
  Actif:Boursorama:CCAnna                            -93.40 EUR

2018-12-17 * "CARTE 15122018 93 Vente Privee CB*3946 " ""
  document: "2018-12-31 Boursorama.pdf"
  source: "pdfbourso"
  Depenses:Habillement
  Actif:Boursorama:CCAnna                            -25.00 EUR

2018-12-03 * "VIR Contribution compte commun " "MLE ANNA TRINQUIER OU M GROS"
  document: "2018-12-31 Boursorama.pdf"
  source: "pdfbourso"
  Actif:Boursorama:CCJoint
  Actif:Boursorama:CCAnna                           -500.00 EUR

2018-12-17 * "CARTE 15122018 93 Vente Privee CB*3946 " ""
  document: "2018-12-31 Boursorama.pdf"
  source: "pdfbourso"
  Depenses:Habillement
  Actif:Boursorama:CCAnna                            -60.97 EUR

2018-12-20 * "PRLV SEPA Bouygues Telecom " "Lignes mobiles"
  document: "2018-12-31 Boursorama.pdf"
  source: "pdfbourso"
  Depenses:Abo:Telephone
  Actif:Boursorama:CCAnna                            -22.99 EUR

2018-12-24 * "VIR SEPA TRESORERIE HOSP DU SUD DEUX SEV " "PAYE DU MOIS 12/18CH NIORT PA"
  document: "2018-12-31 Boursorama.pdf"
  source: "pdfbourso"
  Revenus:Salaires:CHNiort
  Actif:Boursorama:CCAnna                           1515.15 EUR

2018-12-27 * "VIR SEPA MENARDI PAULINE " "RubanCheveux"
  document: "2018-12-31 Boursorama.pdf"
  source: "pdfbourso"
  Revenus:VentesAnna
  Actif:Boursorama:CCAnna                              8.00 EUR

2018-12-31 * "VIR interne " "MLE ANNA TRINQUIER OU M GROS"
  document: "2018-12-31 Boursorama.pdf"
  source: "pdfbourso"
  Actif:Boursorama:CCJoint
  Actif:Boursorama:CCAnna                          -1500.00 EUR

2018-12-31 * "CARTE 28122018 79 TAO NIORT CB*3946 " ""
  document: "2018-12-31 Boursorama.pdf"
  source: "pdfbourso"
  Depenses:Habillement
  Actif:Boursorama:CCAnna                           -103.51 EUR

2018-12-27 * "CHQ. N.3013173 " ""
  document: "2018-12-31 Boursorama.pdf"
  source: "pdfbourso"
  Depenses:A-CLASSER
  Actif:Boursorama:CCAnna                            -46.70 EUR

2019-01-01 balance Actif:Boursorama:CCAnna          1944.58 EUR
  document: "2019-01-31 Boursorama.pdf"
  source: "pdfbourso"

2019-01-02 * "VIR Epargne CEL " "GROS ANNA"
  document: "2019-01-31 Boursorama.pdf"
  source: "pdfbourso"
  Actif:Boursorama:CELAnna
  Actif:Boursorama:CCAnna                           -100.00 EUR

2019-01-02 * "CARTE 31122018 HK MODES GROUP LI CB*3946 " ""
  document: "2019-01-31 Boursorama.pdf"
  source: "pdfbourso"
  Depenses:Habillement
  Actif:Boursorama:CCAnna                           -153.54 EUR

2019-01-10 * "CARTE 09012019 79 GRAFYCK CB*3946 " ""
  document: "2019-01-31 Boursorama.pdf"
  source: "pdfbourso"
  Depenses:Habillement
  Actif:Boursorama:CCAnna                           -227.00 EUR

2019-01-14 * "CHQ. N.3013174 " ""
  document: "2019-01-31 Boursorama.pdf"
  source: "pdfbourso"
  Depenses:A-CLASSER
  Actif:Boursorama:CCAnna                            -32.00 EUR

2019-01-14 * "CHQ. N.3013175 " ""
  document: "2019-01-31 Boursorama.pdf"
  source: "pdfbourso"
  Depenses:A-CLASSER
  Actif:Boursorama:CCAnna                            -32.00 EUR

2019-01-14 * "RETRAIT DAB 12012019 LCL NIORT CB*3946 " "79"
  document: "2019-01-31 Boursorama.pdf"
  source: "pdfbourso"
  Actif:Cash
  Actif:Boursorama:CCAnna                            -40.00 EUR

2019-01-14 * "CARTE 12012019 79 GALERIES LAFAY CB*3946 " ""
  document: "2019-01-31 Boursorama.pdf"
  source: "pdfbourso"
  Depenses:Habillement
  Actif:Boursorama:CCAnna                           -125.34 EUR

2019-01-16 * "CARTE 15012019 79 COMPTOIR DU SI CB*3946 " ""
  document: "2019-01-31 Boursorama.pdf"
  source: "pdfbourso"
  Depenses:Alimentaire:Restaurant
  Actif:Boursorama:CCAnna                            -20.38 EUR

2019-01-17 * "CARTE 16012019 79 MAX MUSIQUE CB*3946 " ""
  document: "2019-01-31 Boursorama.pdf"
  source: "pdfbourso"
  Depenses:Enfants:Loisirs
  Actif:Boursorama:CCAnna                            -45.00 EUR

2019-01-21 * "PRLV SEPA Bouygues Telecom " "Lignes mobiles"
  document: "2019-01-31 Boursorama.pdf"
  source: "pdfbourso"
  Depenses:Abo:Telephone
  Actif:Boursorama:CCAnna                            -22.99 EUR

2019-01-14 * "CARTE 12012019 79 EURODIF CB*3946 " ""
  document: "2019-01-31 Boursorama.pdf"
  source: "pdfbourso"
  Depenses:Loisirs:Couture
  Actif:Boursorama:CCAnna                            -31.61 EUR

2019-01-07 * "CARTE 05012019 79 D8281 CB*3946 " ""
  document: "2019-01-31 Boursorama.pdf"
  source: "pdfbourso"
  Depenses:Alimentaire:Epicerie
  Actif:Boursorama:CCAnna                            -21.17 EUR

2019-01-07 * "CARTE 05012019 79 H&M238 CB*3946 " ""
  document: "2019-01-31 Boursorama.pdf"
  source: "pdfbourso"
  Depenses:Habillement
  Actif:Boursorama:CCAnna                            -10.49 EUR

2019-01-08 * "PRLV SEPA TRES. HOSPITALIERE SUD DEUX-SE " "Repas restaurant"
  document: "2019-01-31 Boursorama.pdf"
  source: "pdfbourso"
  Depenses:Alimentaire:Restaurant
  Actif:Boursorama:CCAnna                            -15.47 EUR

2019-01-10 * "PRLV SEPA GENERALI VIE SA " ".133181717/9921/51519425"
  document: "2019-01-31 Boursorama.pdf"
  source: "pdfbourso"
  Actif:Boursorama:AVAnna2
  Actif:Boursorama:CCAnna                            -50.00 EUR

2019-01-22 * "CHQ. N.3013176 " ""
  document: "2019-01-31 Boursorama.pdf"
  source: "pdfbourso"
  Depenses:A-CLASSER
  Actif:Boursorama:CCAnna                            -46.70 EUR

2019-01-25 * "VIR SEPA TRESORERIE HOSP DU SUD DEUX SEV " "PAYE DU MOIS 01/19CH NIORT PA"
  document: "2019-01-31 Boursorama.pdf"
  source: "pdfbourso"
  Revenus:Salaires:CHNiort
  Actif:Boursorama:CCAnna                           2565.89 EUR

2019-01-25 * "CARTE 20012019 10 PETIT BATEAU CB*3946 " ""
  document: "2019-01-31 Boursorama.pdf"
  source: "pdfbourso"
  Depenses:Habillement
  Actif:Boursorama:CCAnna                            -66.56 EUR

2019-01-28 * "CARTE 25012019 79 COMPTOIR DU SI CB*3946 " ""
  document: "2019-01-31 Boursorama.pdf"
  source: "pdfbourso"
  Depenses:Alimentaire:Restaurant
  Actif:Boursorama:CCAnna                            -17.30 EUR

2019-01-30 * "AVOIR 31122018 HK MODES GROUP LI CB*3946 " ""
  document: "2019-01-31 Boursorama.pdf"
  source: "pdfbourso"
  Depenses:Habillement
  Actif:Boursorama:CCAnna                              3.81 EUR

2019-01-31 * "CARTE 30012019 79 LA MALLE AUX I CB*3946 " ""
  document: "2019-01-31 Boursorama.pdf"
  source: "pdfbourso"
  Depenses:Cadeaux
  Actif:Boursorama:CCAnna                            -35.00 EUR

2019-01-31 * "CARTE 30012019 79 LE LUTETIA CB*3946 " ""
  document: "2019-01-31 Boursorama.pdf"
  source: "pdfbourso"
  Depenses:Alimentaire:Restaurant
  Actif:Boursorama:CCAnna                             -7.90 EUR

2019-01-31 * "CARTE 30012019 GB AIRBNB CB*3946 " ""
  document: "2019-01-31 Boursorama.pdf"
  source: "pdfbourso"
  Depenses:Loisirs:Voyages
  Actif:Boursorama:CCAnna                            -83.80 EUR

2019-02-01 balance Actif:Boursorama:CCAnna          2830.03 EUR
  document: "2019-02-28 Boursorama.pdf"
  source: "pdfbourso"

2019-02-01 * "RETRAIT DAB 31012019 NIORT HALLE CB*3946 " "79"
  document: "2019-02-28 Boursorama.pdf"
  source: "pdfbourso"
  Actif:Cash
  Actif:Boursorama:CCAnna                            -60.00 EUR

2019-02-06 * "CHQ. N.3013177 " ""
  document: "2019-02-28 Boursorama.pdf"
  source: "pdfbourso"
  Depenses:A-CLASSER
  Actif:Boursorama:CCAnna                            -46.70 EUR

2019-02-06 * "CARTE 02022019 79 LA RENARDE VIN CB*3946 " ""
  document: "2019-02-28 Boursorama.pdf"
  source: "pdfbourso"
  Depenses:Alimentaire:Restaurant
  Actif:Boursorama:CCAnna                            -28.00 EUR

2019-02-08 * "PRLV SEPA TRES. HOSPITALIERE SUD DEUX-SE " "Repas restaurant"
  document: "2019-02-28 Boursorama.pdf"
  source: "pdfbourso"
  Depenses:Alimentaire:Restaurant
  Actif:Boursorama:CCAnna                             -2.89 EUR

2019-02-08 * "CARTE 07022019 79 PICARD SA 282 CB*3946 " ""
  document: "2019-02-28 Boursorama.pdf"
  source: "pdfbourso"
  Depenses:Alimentaire:Epicerie
  Actif:Boursorama:CCAnna                            -27.92 EUR

2019-02-08 * "CARTE 07022019 79 BRINON LAURENC CB*3946 " ""
  document: "2019-02-28 Boursorama.pdf"
  source: "pdfbourso"
  Depenses:Alimentaire:Restaurant
  Actif:Boursorama:CCAnna                            -16.40 EUR

2019-02-08 * "CARTE 07022019 GB AIRBNB CB*3946 " ""
  document: "2019-02-28 Boursorama.pdf"
  source: "pdfbourso"
  Depenses:Loisirs:Voyages
  Actif:Boursorama:CCAnna                            -62.00 EUR

2019-02-11 * "PRLV SEPA GENERALI VIE SA " ".134656162/9921/51519425"
  document: "2019-02-28 Boursorama.pdf"
  source: "pdfbourso"
  Actif:Boursorama:AVAnna2
  Actif:Boursorama:CCAnna                            -50.00 EUR

2019-02-11 * "CARTE 09022019 75 SMALLABLE.COM CB*3946 " ""
  document: "2019-02-28 Boursorama.pdf"
  source: "pdfbourso"
  Depenses:Habillement
  Actif:Boursorama:CCAnna                           -161.15 EUR

2019-02-01 * "VIR Epargne CEL " "GROS ANNA"
  document: "2019-02-28 Boursorama.pdf"
  source: "pdfbourso"
  Actif:Boursorama:CELAnna
  Actif:Boursorama:CCAnna                           -100.00 EUR

2019-02-15 * "CARTE 14022019 79 AMIS DU MARAIS CB*3946 " ""
  document: "2019-02-28 Boursorama.pdf"
  source: "pdfbourso"
  Depenses:Alimentaire:Epicerie
  Actif:Boursorama:CCAnna                            -37.71 EUR

2019-02-18 * "CARTE 15022019 79 AMIS DU MARAIS CB*3946 " ""
  document: "2019-02-28 Boursorama.pdf"
  source: "pdfbourso"
  Depenses:Alimentaire:Epicerie
  Actif:Boursorama:CCAnna                            -17.25 EUR

2019-02-19 * "CHQ. N.3013178 " ""
  document: "2019-02-28 Boursorama.pdf"
  source: "pdfbourso"
  Depenses:A-CLASSER
  Actif:Boursorama:CCAnna                            -46.70 EUR

2019-02-19 * "CARTE 18022019 79 SNC DEVILLAS CB*3946 " "Cigarettes"
  document: "2019-02-28 Boursorama.pdf"
  source: "pdfbourso"
  Depenses:A-CLASSER
  Actif:Boursorama:CCAnna                            -18.46 EUR

2019-02-22 * "CARTE 21022019 79 11 BIS CB*3946 " ""
  document: "2019-02-28 Boursorama.pdf"
  source: "pdfbourso"
  Depenses:Alimentaire:Restaurant
  Actif:Boursorama:CCAnna                            -30.50 EUR

2019-02-25 * "CHQ. N.3013179 " ""
  document: "2019-02-28 Boursorama.pdf"
  source: "pdfbourso"
  Depenses:A-CLASSER
  Actif:Boursorama:CCAnna                             -7.90 EUR

2019-02-26 * "VIR SEPA TRESORERIE HOSP DU SUD DEUX SEV " "PAYE DU MOIS 02/19CH NIORT PA"
  document: "2019-02-28 Boursorama.pdf"
  source: "pdfbourso"
  Revenus:Salaires:CHNiort
  Actif:Boursorama:CCAnna                           1527.42 EUR

2019-02-26 * "CARTE 23022019 44 LVAN HAB GALER CB*3946 " ""
  document: "2019-02-28 Boursorama.pdf"
  source: "pdfbourso"
  Depenses:Habillement
  Actif:Boursorama:CCAnna                            -16.00 EUR

2019-02-20 * "PRLV SEPA Bouygues Telecom " "Lignes mobiles"
  document: "2019-02-28 Boursorama.pdf"
  source: "pdfbourso"
  Depenses:Abo:Telephone
  Actif:Boursorama:CCAnna                            -22.99 EUR

2019-02-12 * "CARTE 11022019 79 PHARM DE PARIS CB*3946 " ""
  document: "2019-02-28 Boursorama.pdf"
  source: "pdfbourso"
  Depenses:Sante
  Actif:Boursorama:CCAnna                             -9.95 EUR

2019-02-13 * "CARTE 12022019 79 SNC DEVILLAS CB*3946 " "Cigarettes"
  document: "2019-02-28 Boursorama.pdf"
  source: "pdfbourso"
  Depenses:A-CLASSER
  Actif:Boursorama:CCAnna                             -7.90 EUR

2019-02-13 * "CARTE 09022019 92 DIM CB*3946 " ""
  document: "2019-02-28 Boursorama.pdf"
  source: "pdfbourso"
  Depenses:Habillement
  Actif:Boursorama:CCAnna                            -70.55 EUR

2019-02-14 * "CARTE 08022019 79 KARPE DIEM CB*3946 " ""
  document: "2019-02-28 Boursorama.pdf"
  source: "pdfbourso"
  Depenses:Habillement
  Actif:Boursorama:CCAnna                            -39.00 EUR

2019-02-27 * "CARTE 26022019 79 MAX MUSIQUE CB*3946 " ""
  document: "2019-02-28 Boursorama.pdf"
  source: "pdfbourso"
  Depenses:Enfants:Loisirs
  Actif:Boursorama:CCAnna                             -8.70 EUR

2019-02-27 * "CARTE 26022019 79 TAO NIORT CB*3946 " ""
  document: "2019-02-28 Boursorama.pdf"
  source: "pdfbourso"
  Depenses:Habillement
  Actif:Boursorama:CCAnna                            -28.98 EUR

2019-02-28 * "CARTE 23022019 75 DESPETITSHAUTS CB*3946 " ""
  document: "2019-02-28 Boursorama.pdf"
  source: "pdfbourso"
  Depenses:Habillement
  Actif:Boursorama:CCAnna                           -215.00 EUR


2019-03-01 balance Actif:Boursorama:CCAnna           2724.8 EUR
  document: "2019-03-29 Boursorama.pdf"
  source: "pdfbourso"

2019-03-01 * "VIR Epargne CEL " "GROS ANNA"
  document: "2019-03-29 Boursorama.pdf"
  source: "pdfbourso"
  Actif:Boursorama:CELAnna
  Actif:Boursorama:CCAnna                           -100.00 EUR

2019-03-01 * "CARTE 28022019 75 FROU FROU 7501 CB*3946 " ""
  document: "2019-03-29 Boursorama.pdf"
  source: "pdfbourso"
  Depenses:Habillement
  Actif:Boursorama:CCAnna                            -10.50 EUR
  
2019-03-04 * "CARTE 28022019 75 RATP CB*3946 " ""
  document: "2019-03-29 Boursorama.pdf"
  source: "pdfbourso"
  Depenses:Loisirs:Voyages
  Actif:Boursorama:CCAnna                            -14.90 EUR

2019-03-04 * "CARTE 28022019 75 COUPONS PARIS CB*3946 " ""
  document: "2019-03-29 Boursorama.pdf"
  source: "pdfbourso"
  Depenses:Loisirs:Couture
  Actif:Boursorama:CCAnna                            -82.00 EUR

2019-03-04 * "CARTE 28022019 75 MERC.ST PIERRE CB*3946 " ""
  document: "2019-03-29 Boursorama.pdf"
  source: "pdfbourso"
  Depenses:Loisirs:Couture
  Actif:Boursorama:CCAnna                            -15.20 EUR

2019-03-06 * "RETRAIT DAB 02032019 SAINT MAURI CB*3946 " "94"
  document: "2019-03-29 Boursorama.pdf"
  source: "pdfbourso"
  Actif:Cash
  Actif:Boursorama:CCAnna                            -60.00 EUR

2019-03-06 * "CARTE 01032019 75 UNIQLO MARAIS CB*3946 " ""
  document: "2019-03-29 Boursorama.pdf"
  source: "pdfbourso"
  Depenses:Habillement
  Actif:Boursorama:CCAnna                            -39.90 EUR

2019-03-06 * "CARTE 01032019 75 COS559 CB*3946 " ""
  document: "2019-03-29 Boursorama.pdf"
  source: "pdfbourso"
  Depenses:Habillement
  Actif:Boursorama:CCAnna                           -239.40 EUR

2019-03-06 * "CARTE 01032019 75 AVENTURINE CB*3946 " ""
  document: "2019-03-29 Boursorama.pdf"
  source: "pdfbourso"
  Depenses:Habillement
  Actif:Boursorama:CCAnna                            -30.00 EUR

2019-03-06 * "CARTE 01032019 Sezane CB*3946 " ""
  document: "2019-03-29 Boursorama.pdf"
  source: "pdfbourso"
  Depenses:Habillement
  Actif:Boursorama:CCAnna                            -65.00 EUR

2019-03-07 * "CARTE 06032019 79 EURODIF CB*3946 " ""
  document: "2019-03-29 Boursorama.pdf"
  source: "pdfbourso"
  Depenses:Loisirs:Couture
  Actif:Boursorama:CCAnna                            -26.43 EUR

2019-03-11 * "PRLV SEPA GENERALI VIE SA " ".135452551/9921/51519425"
  document: "2019-03-29 Boursorama.pdf"
  source: "pdfbourso"
  Actif:Boursorama:AVAnna2
  Actif:Boursorama:CCAnna                            -50.00 EUR

2019-03-14 * " CARTE 13/03/19 79 AMIS DU MARAIS CB*3946 " ""
  document: "2019-03-29 Boursorama.pdf"
  source: "pdfbourso"
  Depenses:Alimentaire:Epicerie
  Actif:Boursorama:CCAnna                             -8.97 EUR

2019-03-15 * " CARTE 13/03/19 93 VENTE-PRIVEE.C CB*3946 " ""
  document: "2019-03-29 Boursorama.pdf"
  source: "pdfbourso"
  Depenses:Habillement
  Actif:Boursorama:CCAnna                           -119.97 EUR

2019-03-18 * " CARTE 16/03/19 79 PHARM DE PARIS CB*3946 " ""
  document: "2019-03-29 Boursorama.pdf"
  source: "pdfbourso"
  Depenses:Sante
  Actif:Boursorama:CCAnna                            -15.49 EUR

2019-03-19 * " CARTE 11/03/19 69 Mondial Tissus CB*3946 " ""
  document: "2019-03-29 Boursorama.pdf"
  source: "pdfbourso"
  Depenses:Loisirs:Couture
  Actif:Boursorama:CCAnna                            -76.96 EUR

2019-03-19 * " CARTE 18/03/19 79 GEANT CG32 CB*3946 " ""
  document: "2019-03-29 Boursorama.pdf"
  source: "pdfbourso"
  Depenses:Alimentaire:Epicerie
  Actif:Boursorama:CCAnna                            -64.01 EUR

2019-03-20 * " PRLV SEPA Bouygues Telecom " "BOUYGUES TELECOM"
  document: "2019-03-29 Boursorama.pdf"
  source: "pdfbourso"
  Depenses:Abo:Telephone
  Actif:Boursorama:CCAnna                            -22.99 EUR

2019-03-20 * " CARTE 16/03/19 79 EURL SLO CB*3946 " ""
  document: "2019-03-29 Boursorama.pdf"
  source: "pdfbourso"
  Depenses:Habillement
  Actif:Boursorama:CCAnna                            -60.00 EUR

2019-03-22 * " CHQ. N.3013180 " ""
  document: "2019-03-29 Boursorama.pdf"
  source: "pdfbourso"
  Depenses:A-CLASSER
  Actif:Boursorama:CCAnna                            -46.70 EUR

2019-03-22 * " AVOIR 21/03/19 69 Mondial Tissus CB*3946 " ""
  document: "2019-03-29 Boursorama.pdf"
  source: "pdfbourso"
  Depenses:Loisirs:Couture
  Actif:Boursorama:CCAnna                             39.99 EUR

2019-03-26 * " VIR SEPA TRESORERIE HOSP DU SUD DEUX SEV " "PAYE DU MOIS 03/19CH NIORT PA"
  document: "2019-03-29 Boursorama.pdf"
  source: "pdfbourso"
  Revenus:Salaires:CHNiort
  Actif:Boursorama:CCAnna                           1527.89 EUR

2019-03-26 * " CARTE 25/03/19 79 GREEN AVENUE CB*3946 " ""
  document: "2019-03-29 Boursorama.pdf"
  source: "pdfbourso"
  Depenses:Alimentaire:Restaurant
  Actif:Boursorama:CCAnna                            -10.90 EUR

2019-03-28 * " RETRAIT DAB 27/03/19 NIORT CB*3946 " "79"
  document: "2019-03-29 Boursorama.pdf"
  source: "pdfbourso"
  Actif:Cash
  Actif:Boursorama:CCAnna                            -50.00 EUR

2019-03-28 * " CARTE 27/03/19 79 AMIS DU MARAIS CB*3946 " ""
  document: "2019-03-29 Boursorama.pdf"
  source: "pdfbourso"
  Depenses:Alimentaire:Epicerie
  Actif:Boursorama:CCAnna                            -39.68 EUR

2019-03-25 * " CARTE 22/03/19 79 AMIS DU MARAIS CB*3946 " ""
  document: "2019-03-29 Boursorama.pdf"
  source: "pdfbourso"
  Depenses:Alimentaire:Epicerie
  Actif:Boursorama:CCAnna                            -23.06 EUR

2019-03-08 * "PRLV SEPA TRES. HOSPITALIERE SUD DEUX-SE " "Repas restaurant"
  document: "2019-03-29 Boursorama.pdf"
  source: "pdfbourso"
  Depenses:Alimentaire:Restaurant
  Actif:Boursorama:CCAnna                             -9.11 EUR



2019-03-30 balance Actif:Boursorama:CCAnna          2511.51 EUR
  document: "2019-04-30 Boursorama.pdf"
  source: "pdfbourso"

2019-04-02 * "CARTE 30/03/19 79 KARPE DIEM CB*3946 " ""
  document: "2019-04-30 Boursorama.pdf"
  source: "pdfbourso"
  Depenses:Habillement
  Actif:Boursorama:CCAnna                            -39.00 EUR

2019-04-04 * "CARTE 31/03/19 ES Zara.com CB*3946 " ""
  document: "2019-04-30 Boursorama.pdf"
  source: "pdfbourso"
  Depenses:Habillement
  Actif:Boursorama:CCAnna                            -54.84 EUR

2019-04-05 * "CARTE 03/04/19 79 L'ARROSOIR CB*3946 " ""
  document: "2019-04-30 Boursorama.pdf"
  source: "pdfbourso"
  Depenses:Alimentaire:Restaurant
  Actif:Boursorama:CCAnna                            -33.00 EUR

2019-04-08 * "PRLV SEPA TRES. HOSPITALIERE SUD DEUX-SE " "Repas restaurant"
  document: "2019-04-30 Boursorama.pdf"
  source: "pdfbourso"
  Depenses:Alimentaire:Restaurant
  Actif:Boursorama:CCAnna                            -22.26 EUR

2019-04-11 * "PRLV SEPA GENERALI VIE SA " ".136749940/9921/51519425"
  document: "2019-04-30 Boursorama.pdf"
  source: "pdfbourso"
  Actif:Boursorama:AVAnna2
  Actif:Boursorama:CCAnna                            -50.00 EUR

2019-04-11 * "CHQ. N.5886967 " ""
  document: "2019-04-30 Boursorama.pdf"
  source: "pdfbourso"
  Depenses:A-CLASSER
  Actif:Boursorama:CCAnna                            -96.00 EUR

2019-04-11 * "CARTE 10/04/19 79 DECATHLON 0092 CB*3946 " ""
  document: "2019-04-30 Boursorama.pdf"
  source: "pdfbourso"
  Depenses:Habillement
  Actif:Boursorama:CCAnna                            -25.00 EUR

2019-04-11 * "CARTE 10/04/19 79 NATUR HOME CB*3946 " ""
  document: "2019-04-30 Boursorama.pdf"
  source: "pdfbourso"
  Depenses:Divers
  Actif:Boursorama:CCAnna                            -21.80 EUR

2019-04-08 * "RETRAIT DAB 07/04/19 NIORT CB*3946 " "79"
  document: "2019-04-30 Boursorama.pdf"
  source: "pdfbourso"
  Actif:Cash
  Actif:Boursorama:CCAnna                            -60.00 EUR

2019-04-15 * "RETRAIT DAB 13/04/19 NIORT CB*3946 " "79"
  document: "2019-04-30 Boursorama.pdf"
  source: "pdfbourso"
  Actif:Cash
  Actif:Boursorama:CCAnna                            -60.00 EUR

2019-04-15 * "CARTE 13/04/19 33 L OLAKETAL CB*3946 " ""
  document: "2019-04-30 Boursorama.pdf"
  source: "pdfbourso"
  Depenses:Habillement
  Actif:Boursorama:CCAnna                            -21.45 EUR

2019-04-15 * "CARTE 13/04/19 33 AUCHAN SUPER M CB*3946 " ""
  document: "2019-04-30 Boursorama.pdf"
  source: "pdfbourso"
  Depenses:Alimentaire:Epicerie
  Actif:Boursorama:CCAnna                            -20.22 EUR

2019-04-16 * "CHQ. N.3013181 " ""
  document: "2019-04-30 Boursorama.pdf"
  source: "pdfbourso"
  Depenses:A-CLASSER
  Actif:Boursorama:CCAnna                            -46.70 EUR

2019-04-23 * "PRLV SEPA Bouygues Telecom " "BOUYGUES TELECOM"
  document: "2019-04-30 Boursorama.pdf"
  source: "pdfbourso"
  Depenses:Abo:Telephone
  Actif:Boursorama:CCAnna                            -22.99 EUR

2019-04-25 * "VIR SEPA TRESORERIE HOSP DU SUD DEUX SEV " "PAYE DU MOIS 04/19CH NIORT PA"
  document: "2019-04-30 Boursorama.pdf"
  source: "pdfbourso"
  Revenus:Salaires:CHNiort
  Actif:Boursorama:CCAnna                           1560.19 EUR

2019-04-01 * "VIR Epargne CEL " "GROS ANNA"
  document: "2019-04-30 Boursorama.pdf"
  source: "pdfbourso"
  Actif:Boursorama:CELAnna
  Actif:Boursorama:CCAnna                           -100.00 EUR

2019-05-01 balance Actif:Boursorama:CCAnna          2398.44 EUR
  document: "2019-05-31 Boursorama.pdf"
  source: "pdfbourso"

2019-05-02 * "VIR Epargne CEL " "GROS ANNA"
  document: "2019-05-31 Boursorama.pdf"
  source: "pdfbourso"
  Actif:Boursorama:CELAnna
  Actif:Boursorama:CCAnna                           -100.00 EUR

2019-05-06 * "CARTE 04/05/19 79 LA LIBRAIRIE CB*3946 " ""
  document: "2019-05-31 Boursorama.pdf"
  source: "pdfbourso"
  Depenses:Loisirs:Culture
  Actif:Boursorama:CCAnna                            -14.00 EUR

2019-05-06 * "CARTE 04/05/19 79 COMPTOIR DU SI CB*3946 " ""
  document: "2019-05-31 Boursorama.pdf"
  source: "pdfbourso"
  Depenses:Alimentaire:Restaurant
  Actif:Boursorama:CCAnna                            -22.00 EUR

2019-05-07 * "CHQ. N.5886968 " ""
  document: "2019-05-31 Boursorama.pdf"
  source: "pdfbourso"
  Depenses:A-CLASSER
  Actif:Boursorama:CCAnna                            -96.00 EUR

2019-05-07 * "CARTE 06/05/19 79 SARL BCO CB*3946 " "papetterie"
  document: "2019-05-31 Boursorama.pdf"
  source: "pdfbourso"
  Depenses:Divers
  Actif:Boursorama:CCAnna                             -6.53 EUR

2019-05-09 * "RETRAIT DAB 07/05/19 NIORT HALLE CB*3946 " "79"
  document: "2019-05-31 Boursorama.pdf"
  source: "pdfbourso"
  Actif:Cash
  Actif:Boursorama:CCAnna                            -60.00 EUR

2019-05-10 * "PRLV SEPA GENERALI VIE SA " ".137501163/9921/51519425"
  document: "2019-05-31 Boursorama.pdf"
  source: "pdfbourso"
  Actif:Boursorama:AVAnna2
  Actif:Boursorama:CCAnna                            -50.00 EUR

2019-05-10 * "CARTE 09/05/19 PETIT PAN CB*3946 " ""
  document: "2019-05-31 Boursorama.pdf"
  source: "pdfbourso"
  Depenses:Habillement
  Actif:Boursorama:CCAnna                           -213.92 EUR

2019-05-13 * "CARTE 10/05/19 79 TISSUS DU RENA CB*3946 " ""
  document: "2019-05-31 Boursorama.pdf"
  source: "pdfbourso"
  Depenses:Loisirs:Couture
  Actif:Boursorama:CCAnna                            -32.40 EUR

2019-05-13 * "CARTE 12/05/19 WWW.ASOS.COM CB*3946 " ""
  document: "2019-05-31 Boursorama.pdf"
  source: "pdfbourso"
  Depenses:Habillement
  Actif:Boursorama:CCAnna                            -57.78 EUR

2019-05-14 * "PRLV SEPA TRES. HOSPITALIERE SUD DEUX-SE " "Repas restaurant"
  document: "2019-05-31 Boursorama.pdf"
  source: "pdfbourso"
  Depenses:Alimentaire:Restaurant
  Actif:Boursorama:CCAnna                             -7.54 EUR

2019-05-14 * "CHQ. N.3013183 " ""
  document: "2019-05-31 Boursorama.pdf"
  source: "pdfbourso"
  Depenses:A-CLASSER
  Actif:Boursorama:CCAnna                            -46.70 EUR

2019-05-15 * "CHQ. N.3013182 " ""
  document: "2019-05-31 Boursorama.pdf"
  source: "pdfbourso"
  Depenses:A-CLASSER
  Actif:Boursorama:CCAnna                             -7.50 EUR

2019-05-20 * "CARTE 18/05/19 79 LA MALLE AUX I CB*3946 " ""
  document: "2019-05-31 Boursorama.pdf"
  source: "pdfbourso"
  Depenses:Cadeaux
  Actif:Boursorama:CCAnna                            -64.64 EUR

2019-05-21 * "PRLV SEPA Bouygues Telecom " "BOUYGUES TELECOM"
  document: "2019-05-31 Boursorama.pdf"
  source: "pdfbourso"
  Depenses:Abo:Telephone
  Actif:Boursorama:CCAnna                            -58.90 EUR

2019-05-23 * "CARTE 22/05/19 BirchboxFR CB*3946 " ""
  document: "2019-05-31 Boursorama.pdf"
  source: "pdfbourso"
  Depenses:Cadeaux
  Actif:Boursorama:CCAnna                            -57.51 EUR

2019-05-24 * "CARTE 23/05/19 79 LES PLANCHES CB*3946 " ""
  document: "2019-05-31 Boursorama.pdf"
  source: "pdfbourso"
  Depenses:Alimentaire:Restaurant
  Actif:Boursorama:CCAnna                            -39.25 EUR

2019-05-27 * "VIR SEPA TRESORERIE HOSP DU SUD DEUX SEV " "PAYE DU MOIS 05/19CH NIORT PA"
  document: "2019-05-31 Boursorama.pdf"
  source: "pdfbourso"
  Revenus:Salaires:CHNiort
  Actif:Boursorama:CCAnna                           1528.13 EUR

2019-05-30 * "CHQ. N.3013184 " ""
  document: "2019-05-31 Boursorama.pdf"
  source: "pdfbourso"
  Depenses:A-CLASSER
  Actif:Boursorama:CCAnna                            -46.70 EUR

2019-05-31 * "RETRAIT DAB 29/05/19 CHABRIERES CB*3946 " "17"
  document: "2019-05-31 Boursorama.pdf"
  source: "pdfbourso"
  Actif:Cash
  Actif:Boursorama:CCAnna                            -60.00 EUR

2019-05-31 * "CARTE 29/05/19 17 SEDALISE SA CB*3946 " ""
  document: "2019-05-31 Boursorama.pdf"
  source: "pdfbourso"
  Depenses:Alimentaire:Epicerie
  Actif:Boursorama:CCAnna                            -17.56 EUR

2019-05-28 * "CARTE 26/05/19 93 VENTE-PRIVEE.C CB*3946 " ""
  document: "2019-05-31 Boursorama.pdf"
  source: "pdfbourso"
  Depenses:Habillement
  Actif:Boursorama:CCAnna                            -52.98 EUR

2019-05-06 * "CARTE 03/05/19 79 PIZZA FEU BOIS CB*3946 " ""
  document: "2019-05-31 Boursorama.pdf"
  source: "pdfbourso"
  Depenses:Alimentaire:Restaurant
  Actif:Boursorama:CCAnna                            -13.80 EUR

2019-06-01 balance Actif:Boursorama:CCAnna          1900.86 EUR
  document: "2019-06-28 Boursorama.pdf"
  source: "pdfbourso"

2019-06-03 * "VIR Epargne CEL " "GROS ANNA"
  document: "2019-06-28 Boursorama.pdf"
  source: "pdfbourso"
  Actif:Boursorama:CELAnna
  Actif:Boursorama:CCAnna                           -100.00 EUR

2019-06-03 * "RETRAIT DAB 31/05/19 LCL ST MART CB*3946 " "17"
  document: "2019-06-28 Boursorama.pdf"
  source: "pdfbourso"
  Actif:Cash
  Actif:Boursorama:CCAnna                            -40.00 EUR

2019-06-11 * "PRLV SEPA GENERALI VIE SA " ".138346937/9921/51519425"
  document: "2019-06-28 Boursorama.pdf"
  source: "pdfbourso"
  Actif:Boursorama:AVAnna2
  Actif:Boursorama:CCAnna                            -50.00 EUR

2019-06-11 * "CARTE 08/06/19 79 PHARM DE PARIS CB*3946 " ""
  document: "2019-06-28 Boursorama.pdf"
  source: "pdfbourso"
  Depenses:Sante
  Actif:Boursorama:CCAnna                            -29.90 EUR

2019-06-12 * "CHQ. N.3013188 " ""
  document: "2019-06-28 Boursorama.pdf"
  source: "pdfbourso"
  Depenses:A-CLASSER
  Actif:Boursorama:CCAnna                            -46.70 EUR

2019-06-12 * "CARTE 11/06/19 93 LEMONWAY.COM/E CB*3946 " ""
  document: "2019-06-28 Boursorama.pdf"
  source: "pdfbourso"
  Depenses:Habillement
  Actif:Boursorama:CCAnna                            -59.99 EUR

2019-06-06 * "CARTE 05/06/19 75 SMALLABLE.COM CB*3946 " ""
  document: "2019-06-28 Boursorama.pdf"
  source: "pdfbourso"
  Depenses:Habillement
  Actif:Boursorama:CCAnna                           -115.90 EUR

2019-06-13 * "CARTE 12/06/19 79 LAMBERT MARTIN CB*3946 " ""
  document: "2019-06-28 Boursorama.pdf"
  source: "pdfbourso"
  Depenses:Habillement
  Actif:Boursorama:CCAnna                            -10.30 EUR

2019-06-14 * "CHQ. N.3013187 " ""
  document: "2019-06-28 Boursorama.pdf"
  source: "pdfbourso"
  Depenses:A-CLASSER
  Actif:Boursorama:CCAnna                            -72.00 EUR

2019-06-17 * "CARTE 14/06/19 79 KARPE DIEM CB*3946 " ""
  document: "2019-06-28 Boursorama.pdf"
  source: "pdfbourso"
  Depenses:Habillement
  Actif:Boursorama:CCAnna                            -40.00 EUR

2019-06-19 * "CHQ. N.3013185 " ""
  document: "2019-06-28 Boursorama.pdf"
  source: "pdfbourso"
  Depenses:A-CLASSER
  Actif:Boursorama:CCAnna                             -7.50 EUR

2019-06-19 * "CHQ. N.3013186 " ""
  document: "2019-06-28 Boursorama.pdf"
  source: "pdfbourso"
  Depenses:A-CLASSER
  Actif:Boursorama:CCAnna                             -7.50 EUR

2019-06-20 * "PRLV SEPA Bouygues Telecom " "BOUYGUES TELECOM"
  document: "2019-06-28 Boursorama.pdf"
  source: "pdfbourso"
  Depenses:Abo:Telephone
  Actif:Boursorama:CCAnna                            -22.99 EUR

2019-06-24 * "CARTE 22/06/19 79 LA LIBRAIRIE CB*3946 " ""
  document: "2019-06-28 Boursorama.pdf"
  source: "pdfbourso"
  Depenses:Loisirs:Culture
  Actif:Boursorama:CCAnna                            -13.98 EUR

2019-06-24 * "CARTE 22/06/19 79 PHARM DE PARIS CB*3946 " ""
  document: "2019-06-28 Boursorama.pdf"
  source: "pdfbourso"
  Depenses:Sante
  Actif:Boursorama:CCAnna                            -16.94 EUR

2019-06-24 * "CARTE 19/06/19 75 DESPETITSHAUTS CB*3946 " ""
  document: "2019-06-28 Boursorama.pdf"
  source: "pdfbourso"
  Depenses:Habillement
  Actif:Boursorama:CCAnna                           -128.95 EUR

2019-06-25 * "CHQ. N.3013189 " ""
  document: "2019-06-28 Boursorama.pdf"
  source: "pdfbourso"
  Depenses:A-CLASSER
  Actif:Boursorama:CCAnna                            -46.70 EUR

2019-06-25 * "CARTE 24/06/19 79 D8281 CB*3946 " ""
  document: "2019-06-28 Boursorama.pdf"
  source: "pdfbourso"
  Depenses:Alimentaire:Epicerie
  Actif:Boursorama:CCAnna                             -8.49 EUR

2019-06-25 * "CARTE 24/06/19 79 PHARM DE PARIS CB*3946 " ""
  document: "2019-06-28 Boursorama.pdf"
  source: "pdfbourso"
  Depenses:Sante
  Actif:Boursorama:CCAnna                            -17.18 EUR

2019-06-26 * "VIR SEPA TRESORERIE HOSP DU SUD DEUX SEV " "PAYE DU MOIS 06/19CH NIORT PA"
  document: "2019-06-28 Boursorama.pdf"
  source: "pdfbourso"
  Revenus:Salaires:CHNiort
  Actif:Boursorama:CCAnna                           1478.75 EUR

2019-06-27 * "CARTE 26/06/19 79 LA LIBRAIRIE CB*3946 " ""
  document: "2019-06-28 Boursorama.pdf"
  source: "pdfbourso"
  Depenses:Loisirs:Culture
  Actif:Boursorama:CCAnna                            -15.90 EUR

2019-06-27 * "CARTE 26/06/19 93 LULU LA LUCIOL CB*3946 " ""
  document: "2019-06-28 Boursorama.pdf"
  source: "pdfbourso"
  Depenses:Habillement
  Actif:Boursorama:CCAnna                           -156.26 EUR

2019-06-27 * "CARTE 26/06/19 79 OUEST HARMONIE CB*3946 " ""
  document: "2019-06-28 Boursorama.pdf"
  source: "pdfbourso"
  Depenses:Habillement
  Actif:Boursorama:CCAnna                            -10.97 EUR

2019-06-28 * "CARTE 26/06/19 79 EURL SLO CB*3946 " ""
  document: "2019-06-28 Boursorama.pdf"
  source: "pdfbourso"
  Depenses:Habillement
  Actif:Boursorama:CCAnna                            -46.00 EUR

2019-06-11 * "PRLV SEPA TRES. HOSPITALIERE SUD DEUX-SE " "Repas restaurant"
  document: "2019-06-28 Boursorama.pdf"
  source: "pdfbourso"
  Depenses:Alimentaire:Restaurant
  Actif:Boursorama:CCAnna                             -9.52 EUR

2019-06-29 balance Actif:Boursorama:CCAnna          1805.94 EUR
  document: "2019-07-31 Boursorama.pdf"
  source: "pdfbourso"

2019-07-01 * "VIR Epargne CEL " "GROS ANNA"
  document: "2019-07-31 Boursorama.pdf"
  source: "pdfbourso"
  Actif:Boursorama:CELAnna
  Actif:Boursorama:CCAnna                           -100.00 EUR

2019-07-01 * "CARTE 28/06/19 79 AMIS DU MARAIS CB*3946 " ""
  document: "2019-07-31 Boursorama.pdf"
  source: "pdfbourso"
  Depenses:Alimentaire:Epicerie
  Actif:Boursorama:CCAnna                            -17.01 EUR



2019-07-01 * "CARTE 29/06/19 79 TAO NIORT CB*3946 " ""
  document: "2019-07-31 Boursorama.pdf"
  source: "pdfbourso"
  Depenses:Habillement
  Actif:Boursorama:CCAnna                            -31.55 EUR

2019-07-01 * "CARTE 29/06/19 79 BESSON CHAUSSU CB*3946 " ""
  document: "2019-07-31 Boursorama.pdf"
  source: "pdfbourso"
  Depenses:Habillement
  Actif:Boursorama:CCAnna                            -27.93 EUR

2019-07-04 ! "CARTE 03/07/19 79 LA GITANE CB*3946 " "Cigarettes"
  document: "2019-07-31 Boursorama.pdf"
  source: "pdfbourso"
  Depenses:A-CLASSER
  Actif:Boursorama:CCAnna                             -8.80 EUR

2019-07-05 * "RETRAIT DAB 04/07/19 NIORT HALLE CB*3946 " "79"
  document: "2019-07-31 Boursorama.pdf"
  source: "pdfbourso"
  Actif:Cash
  Actif:Boursorama:CCAnna                            -80.00 EUR

2019-07-08 * "CARTE 29/06/19 10 PETIT BATEAU CB*3946 " ""
  document: "2019-07-31 Boursorama.pdf"
  source: "pdfbourso"
  Depenses:Habillement
  Actif:Boursorama:CCAnna                            -54.14 EUR

2019-07-08 * "CARTE 05/07/19 33 COS552 CB*3946 " ""
  document: "2019-07-31 Boursorama.pdf"
  source: "pdfbourso"
  Depenses:Habillement
  Actif:Boursorama:CCAnna                            -24.50 EUR

2019-07-08 * "PRLV SEPA TRES. HOSPITALIERE SUD DEUX-SE " "Repas restaurant"
  document: "2019-07-31 Boursorama.pdf"
  source: "pdfbourso"
  Depenses:Alimentaire:Restaurant
  Actif:Boursorama:CCAnna                            -13.07 EUR

2019-07-09 * "CHQ. N.3013190 " ""
  document: "2019-07-31 Boursorama.pdf"
  source: "pdfbourso"
  Depenses:A-CLASSER
  Actif:Boursorama:CCAnna                            -46.70 EUR

2019-07-09 * "CARTE 08/07/19 13 PITRON CB*3946 " "Paddle"
  document: "2019-07-31 Boursorama.pdf"
  source: "pdfbourso"
  Depenses:Divers
  Actif:Boursorama:CCAnna                           -326.98 EUR

2019-07-10 * "PRLV SEPA GENERALI VIE SA " ".139486098/9921/51519425"
  document: "2019-07-31 Boursorama.pdf"
  source: "pdfbourso"
  Actif:Boursorama:AVAnna2
  Actif:Boursorama:CCAnna                            -50.00 EUR

2019-07-10 * "CARTE 08/07/19 79 LE LUTETIA CB*3946 " ""
  document: "2019-07-31 Boursorama.pdf"
  source: "pdfbourso"
  Depenses:Alimentaire:Restaurant
  Actif:Boursorama:CCAnna                             -8.80 EUR

2019-07-22 * "VIR SEPA MR OU MME TILLIER DAVID " "MERCI ENCORE"
  document: "2019-07-31 Boursorama.pdf"
  source: "pdfbourso"
  Revenus:VentesAnna
  Actif:Boursorama:CCAnna                             55.00 EUR

2019-07-22 * "PRLV SEPA Bouygues Telecom " "BOUYGUES TELECOM"
  document: "2019-07-31 Boursorama.pdf"
  source: "pdfbourso"
  Depenses:Abo:Telephone
  Actif:Boursorama:CCAnna                            -22.99 EUR

2019-07-25 * "VIR SEPA TRESORERIE HOSP DU SUD DEUX SEV " "PAYE DU MOIS 07/19CH NIORT PA"
  document: "2019-07-31 Boursorama.pdf"
  source: "pdfbourso"
  Revenus:Salaires:CHNiort
  Actif:Boursorama:CCAnna                           1528.13 EUR

2019-07-31 * "CARTE 30/07/19 79 GALERIES LAFAY CB*3946 " ""
  document: "2019-07-31 Boursorama.pdf"
  source: "pdfbourso"
  Depenses:Habillement
  Actif:Boursorama:CCAnna                            -49.99 EUR

2019-07-31 * "CARTE 30/07/19 79 GALERIES LAFAY CB*3946 " ""
  document: "2019-07-31 Boursorama.pdf"
  source: "pdfbourso"
  Depenses:Habillement
  Actif:Boursorama:CCAnna                            -30.05 EUR

2013-12-04 ! " VIR LA BANQUE POSTALE BX " "Transfert depuis CEL LBP"
  document: "2014-06-01 Boursorama.pdf"
  source: "pdfbourso"
  Equity:Opening-Balances                          11131.12 EUR
  Actif:Boursorama:CCAnna

2014-01-02 * " VIR Epargne CEL " ""
  document: "2014-01-06 Boursorama.pdf"
  source: "pdfbourso"
  Actif:Boursorama:CELAnna                           100.00 EUR
  Actif:Boursorama:CCAnna

2014-12-01 * "VIR Epargne CEL " ""
  document: "2014-01-12 Boursorama.pdf"
  source: "pdfbourso"
  Actif:Boursorama:CELAnna                           100.00 EUR
  Actif:Boursorama:CCAnna

2014-02-03 * "VIR Epargne CEL " ""
  document: "2014-02-03 Boursorama.pdf"
  source: "pdfbourso"
  Actif:Boursorama:CELAnna                           100.00 EUR
  Actif:Boursorama:CCAnna

2014-04-01 * "VIR Epargne CEL " ""
  document: "2014-04-01 Boursorama.pdf"
  source: "pdfbourso"
  Actif:Boursorama:CELAnna                           100.00 EUR
  Actif:Boursorama:CCAnna

2014-05-02 * "VIR Epargne CEL " ""
  document: "2014-05-02 Boursorama.pdf"
  source: "pdfbourso"
  Actif:Boursorama:CELAnna                           100.00 EUR
  Actif:Boursorama:CCAnna

2014-03-03 * "VIR Epargne CEL " ""
  document: "2014-03-03 Boursorama.pdf"
  source: "pdfbourso"
  Actif:Boursorama:CELAnna                           100.00 EUR
  Actif:Boursorama:CCAnna

2014-06-02 * "VIR Epargne CEL " ""
  document: "2014-06-02 Boursorama.pdf"
  source: "pdfbourso"
  Actif:Boursorama:CELAnna                           100.00 EUR
  Actif:Boursorama:CCAnna

2014-07-01 * "VIR Epargne CEL " ""
  document: "2014-07-01 Boursorama.pdf"
  source: "pdfbourso"
  Actif:Boursorama:CELAnna                           100.00 EUR
  Actif:Boursorama:CCAnna

2014-08-01 * "VIR Epargne CEL " ""
  document: "2014-08-01 Boursorama.pdf"
  source: "pdfbourso"
  Actif:Boursorama:CELAnna                           100.00 EUR
  Actif:Boursorama:CCAnna

2014-09-01 * "VIR Epargne CEL " ""
  document: "2014-09-01 Boursorama.pdf"
  source: "pdfbourso"
  Actif:Boursorama:CELAnna                           100.00 EUR
  Actif:Boursorama:CCAnna

2014-10-01 * "VIR Epargne CEL " ""
  document: "2014-10-01 Boursorama.pdf"
  source: "pdfbourso"
  Actif:Boursorama:CELAnna                           100.00 EUR
  Actif:Boursorama:CCAnna

2014-11-03 * "VIR Epargne CEL " ""
  document: "2014-11-03 Boursorama.pdf"
  source: "pdfbourso"
  Actif:Boursorama:CELAnna                           100.00 EUR
  Actif:Boursorama:CCAnna

2015-01-02 * "VIR Epargne CEL " ""
  document: "2015-01-02 Boursorama.pdf"
  source: "pdfbourso"
  Actif:Boursorama:CELAnna                           100.00 EUR
  Actif:Boursorama:CCAnna

2015-02-02 * "VIR Epargne CEL " ""
  document: "2015-02-02 Boursorama.pdf"
  source: "pdfbourso"
  Actif:Boursorama:CELAnna                           100.00 EUR
  Actif:Boursorama:CCAnna

2015-03-02 * "VIR Epargne CEL " ""
  document: "2015-03-02 Boursorama.pdf"
  source: "pdfbourso"
  Actif:Boursorama:CELAnna                           100.00 EUR
  Actif:Boursorama:CCAnna

2015-04-01 * "VIR Epargne CEL " ""
  document: "2015-04-07 Boursorama.pdf"
  source: "pdfbourso"
  Actif:Boursorama:CELAnna                           100.00 EUR
  Actif:Boursorama:CCAnna

2015-05-04 * "VIR Epargne CEL " ""
  document: "2015-05-04 Boursorama.pdf"
  source: "pdfbourso"
  Actif:Boursorama:CELAnna                           100.00 EUR
  Actif:Boursorama:CCAnna

2015-06-01 * "VIR Epargne CEL " ""
  document: "2015-06-01 Boursorama.pdf"
  source: "pdfbourso"
  Actif:Boursorama:CELAnna                           100.00 EUR
  Actif:Boursorama:CCAnna

2015-07-01 * "VIR Epargne CEL " ""
  document: "2015-07-01 Boursorama.pdf"
  source: "pdfbourso"
  Actif:Boursorama:CELAnna                           100.00 EUR
  Actif:Boursorama:CCAnna

2015-08-03 * "VIR Epargne CEL " ""
  document: "2015-08-03 Boursorama.pdf"
  source: "pdfbourso"
  Actif:Boursorama:CELAnna                           100.00 EUR
  Actif:Boursorama:CCAnna

2015-08-10 * "VIR remboursement decouvert " ""
  document: "2015-08-10 Boursorama.pdf"
  source: "pdfbourso"
  Actif:Boursorama:CELAnna                          -639.12 EUR
  Actif:Boursorama:CCAnna

2015-09-01 * "VIR Epargne CEL " ""
  document: "2015-09-01 Boursorama.pdf"
  source: "pdfbourso"
  Actif:Boursorama:CELAnna                           100.00 EUR
  Actif:Boursorama:CCAnna

2015-10-01 * "VIR Epargne CEL " ""
  document: "2015-10-01 Boursorama.pdf"
  source: "pdfbourso"
  Actif:Boursorama:CELAnna                           100.00 EUR
  Actif:Boursorama:CCAnna

2015-11-02 * "VIR Epargne CEL " ""
  document: "2015-11-02 Boursorama.pdf"
  source: "pdfbourso"
  Actif:Boursorama:CELAnna                           100.00 EUR
  Actif:Boursorama:CCAnna

2015-12-01 * "VIR Epargne CEL " ""
  document: "2015-12-01 Boursorama.pdf"
  source: "pdfbourso"
  Actif:Boursorama:CELAnna                           100.00 EUR
  Actif:Boursorama:CCAnna

2016-01-04 * "VIR Epargne CEL " ""
  document: "2016-01-04 Boursorama.pdf"
  source: "pdfbourso"
  Actif:Boursorama:CELAnna                           100.00 EUR
  Actif:Boursorama:CCAnna

2016-02-15 * "VIR interne " ""
  document: "2016-02-29 Boursorama.pdf"
  source: "pdfbourso"
  Actif:Boursorama:CELAnna                         -2311.88 EUR
  Actif:Boursorama:CCAnna

2016-02-01 * "VIR Epargne CEL " ""
  document: "2016-02-29 Boursorama.pdf"
  source: "pdfbourso"
  Actif:Boursorama:CELAnna                           100.00 EUR
  Actif:Boursorama:CCAnna

2016-03-01 * "VIR Epargne CEL " ""
  document: "2016-03-31 Boursorama.pdf"
  source: "pdfbourso"
  Actif:Boursorama:CELAnna                           100.00 EUR
  Actif:Boursorama:CCAnna

2016-04-01 * "VIR Epargne CEL " ""
  document: "2016-04-29 Boursorama.pdf"
  source: "pdfbourso"
  Actif:Boursorama:CELAnna                           100.00 EUR
  Actif:Boursorama:CCAnna

2016-05-02 * "VIR Epargne CEL " ""
  document: "2016-05-31 Boursorama.pdf"
  source: "pdfbourso"
  Actif:Boursorama:CELAnna                           100.00 EUR
  Actif:Boursorama:CCAnna

2016-06-01 * "VIR Epargne CEL " ""
  document: "2016-06-30 Boursorama.pdf"
  source: "pdfbourso"
  Actif:Boursorama:CELAnna                           100.00 EUR
  Actif:Boursorama:CCAnna

2016-07-22 * "VIR complement decouvert " ""
  document: "2016-07-29 Boursorama.pdf"
  source: "pdfbourso"
  Actif:Boursorama:CELAnna                          -300.00 EUR
  Actif:Boursorama:CCAnna

2016-08-01 * "VIR Epargne CEL " ""
  document: "2016-08-31 Boursorama.pdf"
  source: "pdfbourso"
  Actif:Boursorama:CELAnna                           100.00 EUR
  Actif:Boursorama:CCAnna

2016-09-01 * "VIR Epargne CEL " ""
  document: "2016-09-30 Boursorama.pdf"
  source: "pdfbourso"
  Actif:Boursorama:CELAnna                           100.00 EUR
  Actif:Boursorama:CCAnna

2016-09-01 * "VIR Epargne CEL " ""
  document: "2016-09-30 Boursorama.pdf"
  source: "pdfbourso"
  Actif:Boursorama:CELAnna                           100.00 EUR
  Actif:Boursorama:CCAnna

2016-11-01 * "VIR Epargne CEL " ""
  document: "2016-11-30 Boursorama.pdf"
  source: "pdfbourso"
  Actif:Boursorama:CELAnna                           100.00 EUR
  Actif:Boursorama:CCAnna

2016-12-01 * "VIR Epargne CEL " ""
  document: "2016-12-30 Boursorama.pdf"
  source: "pdfbourso"
  Actif:Boursorama:CELAnna                           100.00 EUR
  Actif:Boursorama:CCAnna

2017-01-02 * "VIR Epargne CEL " ""
  document: "2017-01-31 Boursorama.pdf"
  source: "pdfbourso"
  Actif:Boursorama:CELAnna                           100.00 EUR
  Actif:Boursorama:CCAnna

2017-02-01 * "VIR Epargne CEL " ""
  document: "2017-02-28 Boursorama.pdf"
  source: "pdfbourso"
  Actif:Boursorama:CELAnna                           100.00 EUR
  Actif:Boursorama:CCAnna

2017-03-01 * "VIR Epargne CEL " ""
  document: "2017-03-31 Boursorama.pdf"
  source: "pdfbourso"
  Actif:Boursorama:CELAnna                           100.00 EUR
  Actif:Boursorama:CCAnna

2017-04-03 * "VIR Epargne CEL " ""
  document: "2017-04-28 Boursorama.pdf"
  source: "pdfbourso"
  Actif:Boursorama:CELAnna                           100.00 EUR
  Actif:Boursorama:CCAnna

2017-05-02 * "VIR Epargne CEL " ""
  document: "2017-05-31 Boursorama.pdf"
  source: "pdfbourso"
  Actif:Boursorama:CELAnna                           100.00 EUR
  Actif:Boursorama:CCAnna

2017-06-01 * "VIR Epargne CEL " ""
  document: "2017-06-30 Boursorama.pdf"
  source: "pdfbourso"
  Actif:Boursorama:CELAnna                           100.00 EUR
  Actif:Boursorama:CCAnna

2017-06-21 * "VIR anniversaire " ""
  document: "2017-06-30 Boursorama.pdf"
  source: "pdfbourso"
  Actif:Boursorama:CELAnna                          -300.00 EUR
  Actif:Boursorama:CCAnna

2017-07-03 * "VIR Epargne CEL " ""
  document: "2017-07-31 Boursorama.pdf"
  source: "pdfbourso"
  Actif:Boursorama:CELAnna                           100.00 EUR
  Actif:Boursorama:CCAnna

2017-08-01 * "VIR Epargne CEL " ""
  document: "2017-08-31 Boursorama.pdf"
  source: "pdfbourso"
  Actif:Boursorama:CELAnna                           100.00 EUR
  Actif:Boursorama:CCAnna

2017-09-01 * "VIR Epargne CEL " ""
  document: "2017-09-29 Boursorama.pdf"
  source: "pdfbourso"
  Actif:Boursorama:CELAnna                           100.00 EUR
  Actif:Boursorama:CCAnna

2017-10-02 * "VIR Epargne CEL " ""
  document: "2017-10-31 Boursorama.pdf"
  source: "pdfbourso"
  Actif:Boursorama:CELAnna                           100.00 EUR
  Actif:Boursorama:CCAnna

2017-11-01 * "VIR Epargne CEL " ""
  document: "2017-11-30 Boursorama.pdf"
  source: "pdfbourso"
  Actif:Boursorama:CELAnna                           100.00 EUR
  Actif:Boursorama:CCAnna

;2017-12-01 * "VIR Epargne CEL " ""
;  document: "2017-12-29 Boursorama.pdf"
;  source: "pdfbourso"
;  Actif:Boursorama:CELAnna                           100.00 EUR
;  Actif:Boursorama:CCAnna

2017-12-01 * "VIR Epargne CEL " ""
  document: "2017-12-29 Boursorama.pdf"
  source: "pdfbourso"
  Actif:Boursorama:CELAnna                           100.00 EUR
  Actif:Boursorama:CCAnna

2018-01-02 * "VIR Epargne CEL " ""
  document: "2018-01-31 Boursorama.pdf"
  source: "pdfbourso"
  Actif:Boursorama:CELAnna                           100.00 EUR
  Actif:Boursorama:CCAnna

;2018-02-01 * "VIR Epargne CEL " ""
;  document: "2018-02-28 Boursorama.pdf"
;  source: "pdfbourso"
;  Actif:Boursorama:CELAnna                           100.00 EUR
;  Actif:Boursorama:CCAnna

;2018-11-01 * "VIR Epargne CEL " ""
;  document: "2018-11-30 Boursorama.pdf"
;  source: "pdfbourso"
;  Actif:Boursorama:CELAnna                           100.00 EUR
;  Actif:Boursorama:CCAnna

2013-12-16 * "VIR GROS ANNA " ""
  document: "2013-12-16 Boursorama.pdf"
  source: "pdfbourso"
  Actif:Boursorama:PELAnna                            45.00 EUR
  Actif:Boursorama:CCAnna

2014-01-14 * "VIR GROS ANNA " ""
  document: "2014-01-14 Boursorama.pdf"
  source: "pdfbourso"
  Actif:Boursorama:PELAnna                            45.00 EUR
  Actif:Boursorama:CCAnna

2014-02-14 * "VIR GROS ANNA " ""
  document: "2014-02-14 Boursorama.pdf"
  source: "pdfbourso"
  Actif:Boursorama:PELAnna                            45.00 EUR
  Actif:Boursorama:CCAnna

2014-03-14 * "VIR GROS ANNA " ""
  document: "2014-03-14 Boursorama.pdf"
  source: "pdfbourso"
  Actif:Boursorama:PELAnna                            45.00 EUR
  Actif:Boursorama:CCAnna

2014-04-14 * "VIR GROS ANNA " ""
  document: "2014-04-14 Boursorama.pdf"
  source: "pdfbourso"
  Actif:Boursorama:PELAnna                            45.00 EUR
  Actif:Boursorama:CCAnna

2014-05-14 * "VIR GROS ANNA " ""
  document: "2014-05-14 Boursorama.pdf"
  source: "pdfbourso"
  Actif:Boursorama:PELAnna                            45.00 EUR
  Actif:Boursorama:CCAnna



2014-06-16 * "VIR GROS ANNA " ""
  document: "2014-06-16 Boursorama.pdf"
  source: "pdfbourso"
  Actif:Boursorama:PELAnna                            45.00 EUR
  Actif:Boursorama:CCAnna

2013-12-09 * "VIR Versement initial LDD " "GROS ANNA"
  document: "2013-12-31 Boursorama.pdf"
  source: "pdfbourso"
  Actif:Boursorama:CCAnna
  Actif:Boursorama:LDDAnna                            10.00 EUR



2014-04-22 * "VIR interne " "GROS ANNA"
  document: "2014-04-30 Boursorama.pdf"
  source: "pdfbourso"
  Actif:Boursorama:LDDAnna                           500.00 EUR
  Actif:Boursorama:CCAnna

2015-01-11 * "VIR EPARGNE " "GROS ANNA"
  document: "2015-01-30 Boursorama.pdf"
  source: "pdfbourso"
  Actif:Boursorama:LDDAnna                           400.00 EUR
  Actif:Boursorama:CCAnna

2015-01-11 * "VIR EPARGNE " "GROS ANNA"
  document: "2015-01-30 Boursorama.pdf"
  source: "pdfbourso"
  Actif:Boursorama:LDDAnna                           400.00 EUR
  Actif:Boursorama:CCAnna

2015-07-07 * "VIR complement decouvert " "MME ANNA GROS"
  document: "2015-07-31 Boursorama.pdf"
  source: "pdfbourso"
  Actif:Boursorama:LDDAnna                         -1500.00 EUR
  Actif:Boursorama:CCAnna

2015-11-17 * "VIR interne " "MME ANNA GROS"
  document: "2015-11-30 Boursorama.pdf"
  source: "pdfbourso"
  Actif:Boursorama:LDDAnna                         -1015.00 EUR
  Actif:Boursorama:CCAnna

;2018-11-29 * "VIR placement prime " "GROS ANNA"
;  document: "2018-11-30 Boursorama.pdf"
;  source: "pdfbourso"
;  Actif:Boursorama:LDDAnna                           200.00 EUR
;  Actif:Boursorama:CCAnna

2013-11-08 * "VIR vvvvvvvvvv " "TRINQUIER"
  document: "2013-11-29 Boursorama.pdf"
  source: "pdfbourso"
  Actif:Boursorama:LDDJoint                         8000.00 EUR
  Actif:Boursorama:CCAnna

1981-02-07 custom "fava-option" "insert-entry" "Actif:Boursorama:CCAnna"

** Cartes de crédit
*** Visa Compte Tim
2013-08-26 open   Passif:Boursorama:CBTim                   EUR
2013-08-27 pad    Passif:Boursorama:CBTim  Equity:Opening-Balances
2019-08-19 balance  Passif:Boursorama:CBTim         -513.45 EUR

2019-04-15 * "RETRAIT DAB 13/04/19 NIORT       CB*1974" ""
  source: "qif"
  Actif:Boursorama:CCTim                            -100.00 EUR
  Actif:Cash                                         100.00 EUR

2019-01-02 * "CARTE 31122018 LE FOURNIL" ""
  source: "qif"
  Passif:Boursorama:CBTim                             -5.60 EUR
  Depenses:Alimentaire:Epicerie                        5.60 EUR

2019-01-02 * "CARTE 31122018 PHIE DE L'OLIVIER" ""
  source: "qif"
  Passif:Boursorama:CBTim                             -7.13 EUR
  Depenses:Sante                                       7.13 EUR

2019-01-03 * "CARTE 02012019 79 PHIE BONNET ABELIN" ""
  source: "qif"
  Passif:Boursorama:CBTim                             -3.65 EUR
  Depenses:Sante                                       3.65 EUR

2019-01-04 * "CARTE 02012019 PICARD SA 282   4212109" ""
  source: "qif"
  Passif:Boursorama:CBTim                             -9.30 EUR
  Depenses:Alimentaire:Epicerie                        9.30 EUR

2019-01-07 * "CARTE 04012019 TISSUS DU RENARD" ""
  source: "qif"
  Passif:Boursorama:CBTim                            -13.10 EUR
  Depenses:Loisirs:Couture                            13.10 EUR

2019-01-07 * "CARTE 04012019 LA TRATTORIA" ""
  source: "qif"
  Passif:Boursorama:CBTim                            -16.80 EUR
  Depenses:Alimentaire:Restaurant                     16.80 EUR

2019-01-08 * "CARTE 05012019 INTERMARCHE" ""
  source: "qif"
  Passif:Boursorama:CBTim                             -6.97 EUR
  Depenses:Alimentaire:Epicerie                        6.97 EUR

2019-01-08 * "CARTE 07012019 E.L.G" ""
  source: "qif"
  Passif:Boursorama:CBTim                            -17.00 EUR
  Depenses:Coiffeur                                   17.00 EUR

2019-01-14 * "CARTE 09012019 29 MAX PAYPAL" "Spotify"
  source: "qif"
  Passif:Boursorama:CBTim                             -3.38 EUR
  Depenses:Abo:Musique                                 3.38 EUR

2019-01-14 * "CARTE 11012019 79 E LECLERC DAC VL" ""
  source: "qif"
  Passif:Boursorama:CBTim                            -55.01 EUR
  Depenses:Voitures:Carburant                         55.01 EUR

2019-01-14 * "CARTE 10012019 COMPTOIR DU PELICAN" ""
  source: "qif"
  Passif:Boursorama:CBTim                            -19.90 EUR
  Depenses:Alimentaire:Restaurant                     19.90 EUR

2019-01-14 * "CARTE 11012019 DOUC'HEUR DU MA" ""
  source: "qif"
  Passif:Boursorama:CBTim                            -21.70 EUR
  Depenses:Alimentaire:Restaurant                     21.70 EUR

2019-01-14 * "CARTE 12012019 PHARM DE PARIS" ""
  source: "qif"
  Passif:Boursorama:CBTim                             -8.67 EUR
  Depenses:Sante                                       8.67 EUR

2019-01-14 * "CARTE 12012019 LE GRAND BLEU" ""
  source: "qif"
  Passif:Boursorama:CBTim                            -11.40 EUR
  Depenses:Alimentaire:Epicerie                       11.40 EUR

2019-01-15 * "CARTE 12012019 AMIS DU MARAIS NIOR" ""
  source: "qif"
  Passif:Boursorama:CBTim                            -12.44 EUR
